917 1471
317 163 321 50 Bemerkungen

426 237 53 21 über
495 236 32 22 die

150 285 244 40 durchschnittliche
418 285 152 33 Ausbeute
593 285 208 43 nichtmehliger

423 332 104 40 Stoffe.

140 442 97 33 Gemäß
256 442 55 28 Art.
334 444 30 24 10
383 442 43 27 des
444 442 94 35 Großh.
559 443 147 35 Beschlusses
725 449 56 22 vom
806 446 37 25 17.

107 482 93 35 August
228 484 70 31 1800,
327 481 110 35 wodurch
461 482 46 27 das
532 482 144 35 Reglement
700 483 26 28 in
750 484 95 34 Betreff

106 524 41 26 der
161 523 144 33 Abfindung
321 523 42 27 der
379 523 168 27 Brennereien
566 523 118 33 bestimmt
703 524 70 32 wird,
792 524 51 33 sind

105 564 37 27 die
163 563 230 34 durchschnittlichen
412 563 72 34 Sätze
507 571 32 19 an
559 563 286 30 Branntweinausbeute

103 604 43 33 für
164 603 37 27 die
219 603 178 34 verschiedenen
416 603 24 27 in
460 603 114 33 Betracht
593 604 155 27 kommenden
772 604 60 34 nicht-

104 643 119 34 mehligen
242 643 293 27 Brennereimaterialien
557 643 130 33 festgesetzt.
723 643 60 33 Daß
808 644 37 27 die

104 683 55 26 dort
179 682 134 34 gegebenen
333 681 96 35 Zahlen
448 681 41 28 der
510 682 40 33 für
570 682 36 26 die
625 682 159 34 Berechnung
803 682 42 28 der

103 721 252 34 Verbrauchsabgabe
364 721 181 34 maßgebenden
555 721 127 28 Ausbeute
693 729 33 20 an
731 722 96 27 Brannt-

103 760 62 28 wein
189 760 61 33 nicht
273 764 72 24 unter
369 760 65 28 allen
458 760 149 33 Umständen
632 768 28 26 zu
683 760 104 28 Grunde
814 769 28 26 zu

103 800 69 33 legen
191 799 60 33 sind,
269 799 48 33 daß
337 799 31 33 sie
386 799 116 34 vielmehr
521 807 49 20 nur
588 800 41 27 als
645 800 197 35 Anhaltspunkt

103 846 27 27 zu
155 839 85 27 dienen
264 838 87 35 haben,
376 844 48 22 von
449 838 101 34 welchen
575 838 34 27 im
632 839 121 34 einzelnen
774 839 69 34 Falle

103 878 57 27 bald
179 878 57 33 nach
256 880 61 25 oben
338 879 56 26 bald
413 878 58 34 nach
490 882 76 22 unten
585 878 148 34 abgewichen
747 881 95 26 werden

103 918 71 32 kann,
197 918 90 34 ergiebt
312 918 42 32 sich
378 919 66 33 schon
462 921 49 24 aus
529 918 42 26 der
590 917 108 35 Fassung
717 918 42 28 der
777 920 53 33 frag-

102 958 75 33 lichen
198 957 208 35 Bestimmungen,
424 963 72 22 wenn
515 957 81 34 gesagt
615 957 42 32 ist:
686 957 56 34 „In
760 958 82 34 Bezug

104 998 43 31 auf
166 998 36 27 die
221 997 283 28 Materialbrennereien
523 996 60 27 wird
603 996 39 28 bis
660 998 44 32 auf
728 998 114 27 weiteres

103 1036 37 28 die
154 1036 217 34 durchschnittliche
537 1042 29 21 re.
579 1042 29 20 re.
627 1035 105 34 Hierauf
746 1036 96 28 werden

102 1075 38 28 die
165 1075 136 34 beteiligten
326 1075 175 33 Steuerstellen
526 1075 130 33 besonders
681 1075 159 34 aufmerksam

103 1116 112 32 gemacht.

139 1155 36 27 Es
194 1155 57 35 liegt
270 1155 25 27 in
313 1155 43 28 der
374 1155 83 27 Natur
479 1155 42 27 der
540 1154 87 34 Sache,
651 1154 48 34 daß
724 1155 51 28 eine
799 1156 41 32 für

105 1195 47 27 alle
170 1195 164 35 Verhältnisse
356 1196 146 34 zutreffende
524 1195 49 29 und
593 1195 73 34 daher
685 1199 73 25 unter
776 1196 65 28 allen

103 1235 150 31 Umständen
278 1235 192 34 anzuwendeude
488 1235 228 28 Normalausbeute
739 1235 42 33 für
804 1235 37 28 die

104 1274 141 34 erwähnten
263 1275 85 34 Stoffe
367 1275 61 33 nicht
446 1274 131 35 festgestellt
596 1275 97 27 werden
711 1275 70 27 kann.
805 1274 36 34 Je

103 1313 57 34 nach
174 1313 53 27 dem
239 1313 143 35 Jahrgang,
397 1314 21 34 je
431 1314 57 34 nach
502 1315 42 27 der
559 1314 197 34 geographischen
768 1314 73 34 Lage,

101 1353 21 34 je
146 1353 57 34 nach
229 1354 44 26 den
298 1354 177 33 verschiedenen
494 1353 146 35 Gattungen
665 1353 49 27 und
737 1353 22 34 je
781 1353 58 34 nach

102 1395 55 24 dem
175 1393 131 34 Reifegrad
326 1394 60 26 wird
410 1393 42 28 der
471 1393 169 34 Zuckergehalt
663 1393 42 27 der
728 1393 25 27 in
772 1393 67 27 Rede
