863 1440
415 78 109 13 83

114 132 101 34 Angriff
233 133 151 28 vorbereiten
402 133 63 33 läßt.
495 134 65 27 Der
587 133 117 33 Kampf
722 133 32 34 ist

113 177 83 32 nahe.

150 222 39 26 35.
203 221 51 28 Die
265 221 207 34 Internationale
484 221 91 34 rechnet
587 221 101 34 darauf,
705 221 48 34 daß

114 264 31 33 sie
173 264 27 27 in
231 264 96 34 einigen
357 264 98 34 Jahren
492 267 73 26 unter
594 265 42 27 der
668 265 85 34 rothen

113 308 85 34 Fahne
215 308 39 28 die
277 309 37 27 bei
333 309 95 28 weitem
448 309 85 34 größte
564 309 131 34 Mehrzahl
712 309 42 28 der

113 353 114 28 Arbeiter
256 354 60 27 aller
347 353 168 34 europäischen
545 353 95 28 Länder
675 353 79 29 werde

113 396 132 35 eingereiht
263 396 93 35 haben;
376 397 49 33 daß
453 398 49 27 das
529 397 96 28 niedere
648 397 106 29 Militär

112 441 43 28 der
184 442 259 34 Regierungsarmeen
472 442 40 33 ihr
539 442 136 33 angehören
703 442 49 28 und

113 493 41 21 am
172 486 70 34 Tage
260 486 44 27 des
322 486 121 34 Kampfes
469 486 46 28 mit
544 485 62 29 Sack
624 486 50 28 und
692 486 62 33 Pack

112 531 27 27 in
157 531 53 33 ihre
228 531 94 33 Reihen
351 531 118 27 eintreten
498 531 86 27 werde.
613 531 81 33 Schon
715 531 26 27 be-

112 575 46 34 sitzt
176 575 40 34 sie,
233 575 46 27 wie
311 582 60 20 man
392 575 133 33 versichert,
546 575 52 33 ihre
617 575 135 34 Arsenale;

113 619 68 33 schon
200 619 64 28 üben
283 619 41 33 sich
338 618 63 28 viele
418 618 67 34 ihrer
504 618 144 33 Mitglieder
667 618 26 28 in
708 618 45 29 den

112 663 108 34 Waffen.
239 663 60 28 Das
317 670 30 27 zu
366 663 86 33 diesem
461 663 181 33 Unternehmen
655 663 98 34 nöthige

114 707 64 29 Geld
199 707 88 35 glaubt
313 707 31 35 sie
374 707 96 28 mittels
487 707 43 28 der
548 707 137 28 Millionen
703 714 49 21 von

112 752 137 34 Beiträgen
266 759 29 26 zu
314 752 129 33 sammeln,
462 752 83 33 welche
570 752 32 33 sie
620 759 29 26 zu
668 752 68 27 erlan-

112 804 44 27 gen
174 796 69 35 sicher
261 796 50 34 sein
342 796 61 27 will.
432 796 89 33 Dann,
541 803 40 20 am
600 796 152 34 festgesetzten

112 840 78 33 Tage,
206 840 63 27 wird
289 840 31 33 sie
338 840 40 33 sich
398 839 45 34 auf
460 839 48 28 das
526 840 52 27 eine
601 840 57 27 oder
677 840 75 27 andre

112 884 68 28 Land
198 884 102 34 stürzen,
318 884 41 33 sich
377 883 126 34 desselben
531 884 172 34 bemächtigen,
725 888 27 24 es

112 936 56 27 zum
186 928 241 34 Hauptwaffenplatz
449 929 51 27 und
529 936 44 28 zur
592 928 77 35 Basis
687 929 66 33 ihrer

112 973 171 34 Operationen
309 973 96 33 machen
431 973 51 27 und
505 981 49 19 von
578 973 57 27 dort
653 972 46 34 auf
715 973 39 27 die

113 1018 182 34 angrenzenden
314 1018 104 33 Länder,
435 1018 38 27 die
492 1018 69 33 ihren
574 1018 105 27 Armeen
692 1017 61 35 nicht

112 1063 68 34 mehr
215 1065 90 25 trauen
339 1063 101 33 können,
475 1062 62 27 volle
572 1062 109 35 Fluthen
704 1070 49 20 von

112 1107 127 34 Menschen
260 1107 139 34 ausspeien,
436 1107 39 28 die
510 1116 49 19 von
592 1107 160 35 trügerischen

112 1152 167 34 Hoffnungen,
315 1160 47 20 von
399 1152 76 34 Wuth
510 1153 50 27 und
585 1152 169 35 Fanatismus

113 1197 101 28 trunken
233 1196 60 34 sind.

148 1242 41 26 36.
208 1240 40 35 In
266 1240 88 35 diesem
371 1240 226 35 Zusammengehen
614 1241 41 28 der
665 1241 91 28 wilden
