1003 1469
523 128 0 2 81

162 171 36 23 So
213 171 63 27 sollen
290 171 24 27 sie
329 171 34 27 sich
377 171 22 22 in
414 171 44 27 jene
471 171 103 27 Refugien

163 209 67 27 —Ach
237 209 61 28 Herr,
303 208 42 22 Sie
351 208 90 28 wissen's
449 209 125 26 wohl—also
581 208 31 22 die
619 208 93 22 Wacker»
718 208 111 22 erwiedcrn

162 247 31 22 Es
206 246 42 28 gibt
260 246 33 20 der
303 245 134 26 verschämten
448 245 79 22 Armen
539 244 53 26 viel',
604 245 35 21 der
652 245 106 26 ehrsamen
770 245 90 25 biedern,

162 283 42 23 Die
220 281 22 23 in
259 281 29 22 die
306 281 110 30 Refugien,
432 282 38 22 wie
486 281 46 28 sie's
549 287 25 22 zu
591 287 82 16 nennen
690 281 95 27 belieben,

164 318 117 29 Unmöglich
298 325 49 16 man
363 320 51 21 kann
431 319 38 22 mit
485 324 72 23 ganzer
574 318 91 28 Familie
680 318 102 27 schieben;

162 356 50 22 Das
230 355 76 22 können
322 356 42 21 und
380 355 75 23 wollen
472 356 24 26 sie
513 354 50 27 nicht
579 366 25 3 —
621 355 47 22 weit
681 355 45 27 eher
741 354 83 28 sterben.

163 391 96 28 —„Nun
274 391 54 28 wohl
376 391 43 28 sagt
436 391 59 26 unser
507 391 50 28 Held
574 402 27 4 —
613 391 39 21 das
670 391 75 28 mögen
761 391 25 26 sie
803 391 57 27 thu»,

164 429 45 22 Und
226 429 21 27 so
263 433 40 18 von
319 428 53 23 allen
388 427 114 29 Gebrechen
519 428 42 21 und
577 426 70 24 Leiden
663 429 63 27 ruhn,

165 465 50 27 Sich
235 465 110 23 obendrein
360 466 38 21 das
414 464 60 23 Glück
491 465 34 21 des
540 463 106 29 Himmels
662 464 111 23 erwerben.

163 502 56 22 Dort
236 502 51 22 eben
302 502 23 27 ist
338 502 56 26 Platz
410 507 74 22 genug,
501 502 24 20 da
541 500 80 28 hindert
637 507 50 17 man
701 501 86 23 Keinen.

163 539 32 22 Es
210 538 55 27 sollte
280 539 39 20 das
335 536 142 28 Lumpenvolk,
492 538 39 20 das
548 537 85 21 Andern
650 537 103 27 hieniedcn

163 575 46 29 Zur
226 575 41 27 Last
283 579 41 17 nur
339 573 22 28 ist
376 579 41 17 uno
434 574 34 27 sich
486 574 64 27 selbst,
565 574 47 28 nach
629 574 65 26 jenem
710 574 95 29 Frieden,

164 612 55 28 Nach
236 612 66 27 jenem
314 611 66 28 Reich,
396 617 31 17 wo
442 612 23 22 in
475 612 72 27 Lachen
564 612 34 28 sich
616 612 89 22 wandelt
718 610 143 27 das'Weinen,

165 649 120 27 Berlangen
301 649 41 20 u'.,d
358 648 47 22 bald
420 647 84 27 dorthin
520 653 26 22 zu
563 648 90 21 kommen
669 647 34 28 sich
811 659 25 3 —

165 686 41 22 Die
220 685 137 22 Armenväter
372 685 70 26 fühlen
457 684 33 27 ihr
507 686 55 20 edles
577 684 52 27 Herz

165 723 57 27 Aufs
237 723 61 26 tiesste
314 723 77 26 verletzt
406 722 30 22 bei
452 722 45 22 dem
514 721 108 26 Menschen
640 725 40 17 von
695 720 47 28 Erz,

167 760 45 21 Und
229 760 110 27 vermögen
357 758 51 27 nicht
424 758 22 22 in
462 761 33 18 der
511 756 64 29 Höhle
591 757 72 24 länger
679 762 25 23 zu
719 757 78 26 weilen,

167 795 42 22 Sie
223 795 79 28 grüßen
318 796 37 20 den
369 794 95 26 Skrutsch
480 794 40 20 und
536 793 43 27 sind
596 793 127 29 verdrießlich
739 794 114 28 geschieden.

167 832 55 25 Doch
239 832 60 25 dieser
316 830 52 22 blieb
386 832 88 25 dagegen
489 828 111 28 zufrieden,

168 869 45 22 Und
229 867 33 27 hat
277 866 34 28 sich
325 866 24 22 ob
364 866 65 27 seiner
444 866 96 28 Klugheit
555 866 45 28 hoch
617 866 97 28 gebrüstet

170 906 43 21 Und
231 905 23 21 ob
271 905 45 21 dem
334 903 91 27 tapferen
440 901 139 29 Widerstand;

169 943 29 23 Er
215 942 41 23 rieb
273 942 34 28 sich
323 940 30 23 die
463 941 38 27 daß
517 946 20 16 er
554 939 19 27 so
589 939 55 29 wohl
659 940 84 29 gerüstet

170 980 41 23 Die
229 978 115 29 schreckliche
359 977 93 29 Einbuß'
469 977 127 29 abgewandt.

116 1162 58 23 Sri»
189 1160 153 27 Töchterchen.
367 1160 78 25 Schön,
464 1158 60 22 lieber
544 1158 67 27 Papa,
631 1158 40 27 daß
691 1158 28 22 du
738 1158 38 22 mit
796 1158 81 28 solchem
897 1159 56 26 Eifer

86 1201 38 20 das
144 1197 52 23 Volk
215 1196 21 23 in
258 1197 37 21 den
311 1195 91 29 Himmel
422 1194 117 30 wünschest!
566 1194 35 23 Da
621 1195 69 28 kannst
710 1195 27 22 du
760 1202 44 15 nun
827 1195 44 23 '»er
892 1198 61 26 guten

86 1234 88 28 Portion
191 1234 29 23 die
236 1232 72 29 Lhüre
324 1231 77 28 öffnen.
