976 1395
465 168 79 0 84

180 226 82 33 Schon
281 224 28 35 ist
328 224 64 33 Herr
412 223 157 34 Siegfried
590 223 186 34 aufgesprungen,

128 269 78 28 Dann
219 268 84 33 spricht
317 273 24 20 er
356 266 74 35 ernst:
445 266 53 32 „Es
513 266 97 34 frommt
623 269 49 23 uns
685 266 87 33 beiden,

128 311 60 31 Daß
206 310 45 27 wir
271 310 40 27 als
331 309 56 27 liebe
406 310 108 32 Freunde
534 310 105 32 scheiden.

127 354 56 27 Der
202 353 85 28 Boden
307 352 85 27 brennt
410 352 48 27 mir
477 359 31 20 an
527 352 42 27 den
591 351 105 35 Sohlen.

127 397 51 28 Leb'
193 396 72 34 wohl,
278 395 63 27 mein
353 395 160 35 Heinrich!
534 394 62 29 Gott

127 440 99 33 Schnell
247 439 40 33 hat
306 445 24 20 er
349 439 40 34 sich
409 439 64 34 auf's
491 438 57 34 Roß
569 439 168 34 geschwungen,

126 484 60 33 Fort
205 481 80 34 braust
304 489 31 20 er.
364 482 55 28 Aus
440 483 39 26 der
497 481 77 32 Ferne
592 481 78 35 schallt

126 525 54 27 Der
199 525 95 34 dumpfe
308 525 128 35 Hufschlag
454 523 67 33 durch
542 525 43 26 den
602 523 80 29 Wald.

197 612 46 28 Im
263 611 79 35 Haine
362 611 113 33 rauscht's
496 611 66 32 durch
583 611 44 27 alle
647 611 107 27 Blätter.

127 655 36 27 Es
183 655 77 32 lagert
281 655 48 26 eine
349 653 157 28 Wolkcnbank

127 697 56 28 Den
203 697 81 33 fernen
304 695 117 35 Horizont
441 697 103 33 entlang.

127 739 54 27 Mit
200 741 111 31 dumpfen
331 738 120 34 Schlägen
471 740 70 32 grollt
561 739 44 26 das
624 739 100 27 Wetter.

197 782 64 35 Herr
280 781 136 36 Heinrich
436 782 81 34 finster
536 782 65 33 steigt
620 790 26 25 zu
667 782 65 33 Roß,

126 826 82 27 Winkt
226 826 138 33 schweigend
382 824 45 26 mit
446 826 40 26 der
505 825 71 35 Hand
596 826 50 26 dem
666 825 81 34 Troß;

127 868 50 27 Sic
197 870 65 32 sitzen
282 869 42 33 auf
342 868 46 27 und
408 868 105 33 alsobald

127 910 68 27 Sind
215 912 29 32 sic
265 911 175 34 verschwunden
460 912 24 26 in
503 913 50 26 dem
573 910 80 28 Wald.
669 926 34 5 —

199 996 60 29 Das
279 997 92 28 Wetter
392 996 27 34 ist
438 997 64 33 schon
519 997 77 34 längst
616 997 122 33 versunken

128 1041 38 28 In
186 1040 109 35 schwarze
315 1040 82 33 Nacht,
417 1040 35 26 die
471 1045 26 23 es
518 1041 100 33 geboren

128 1083 53 26 Und
200 1083 37 34 hie
256 1085 48 26 und
324 1085 29 26 da
373 1083 102 35 glimmt,
495 1083 44 28 wie
559 1083 117 33 verloren,

128 1126 48 26 Am
196 1125 107 34 Himmel
322 1127 48 27 klar
390 1126 35 27 ein
440 1126 200 33 Sterucnfunken.

182 1174 83 17 Melusina
696 1174 11 15 4
