4882 7305
322 381 9 17 *

344 548 87 53 Ne
478 544 154 55 183

248 680 263 42 ABONNEMENTS
527 676 237 43 SUmÉ«EIT

455 761 43 28 FA
498 761 59 28 BIS

232 807 114 38 Trois
346 807 250 38 mois.
648 809 36 30 *
684 809 54 30 ft
738 809 37 30 »

231 853 71 36 Six
318 856 125 33 mois
643 857 20 27 i
714 856 67 28 ate

231 899 54 37 Un
285 899 54 37 au
640 905 33 26 9
714 903 68 28 110

306 1028 63 106 5
369 1028 191 106 cent.
560 1028 95 106 le
655 1028 98 106 N°

1950 258 624 81 /&~,

2037 338 6 19 ;
2064 344 9 41 ,"
2133 358 15 27 ,",
2176 358 20 11 ",
2215 355 98 30 ".,
2439 347 26 38 ,',

2030 383 238 136 ,F
2270 380 266 139 ri
2563 513 145 6 t
3498 474 112 42 -~
3610 474 150 42 ~WM

952 504 613 392 a
1565 504 2149 392 anerne

1466 940 873 110 SUPPLÉMENT
2456 934 738 108 LITTÉRAIRE

1194 1108 788 56 PARAISSANT
2056 1106 314 50 TOUS
2442 1106 222 50 LES
2730 1100 752 54 VENDREDIS

3858 469 48 24 .-è

3954 514 64 45 1er
4047 520 193 38 envier
4264 510 119 50 i883

3912 651 265 46 ABONNEMENTS
4177 651 244 46 SUPPLÉMENT

4034 730 277 36 DEPARTEMENTS

3893 783 172 39 Trois
4065 783 143 39 mois
4208 783 57 39 1
4265 783 114 39 fr.
4379 783 60 39 »

3889 831 71 38 Sis
3979 834 86 35 mois
4299 835 33 28 »
4414 840 24 22 »

3893 878 67 38 Un
3975 879 353 37 an.
4328 879 47 37 3
4375 879 71 37 80

3962 1006 58 109 5
4020 1006 174 109 cent.
4194 1006 87 109 îe
4281 1006 88 109 N*

558 1308 317 43 SOIDrIAIRB

206 1418 600 30 Chronique.
845 1411 200 36 SÉRAPHIN.

207 1457 302 38 Correspondance
523 1458 284 32 céleste.
848 1452 37 34 A.
901 1455 213 31 SILVESTRE.

208 1497 95 33 Allez
316 1502 22 28 à
352 1495 286 35 Lourdes
638 1495 107 35 B.
745 1495 359 35 CHAVETTE.

208 1539 64 32 Une
272 1539 113 32 carte
397 1541 44 30 de
456 1536 116 35 -.Isite
848 1529 384 39 MACRIOEMONTÉ(ÏDT.„

210 1577 91 34 Deux
314 1583 127 29 étoiles
850 1577 38 32 H.
902 1576 176 31 HEIBERG.

210 1612 149 46 L'Esprit
359 1612 66 46 des
425 1612 383 46 Autres.
851 1618 34 32 D.
898 1618 117 30 CIZOS.

209 1660 45 33 La
267 1664 123 29 femme
403 1665 42 29 de
462 1662 38 31 M.
514 1658 270 35 Martin.
784 1658 73 35 P.
857 1658 222 35 VERNIER.

208 1702 154 31 Pluviers
375 1705 436 29 dorés.
851 1699 286 33 F.-DUMONTEIL.

210 1742 198 34 Problèmes
420 1747 34 30 et
464 1743 87 34 Jeux
560 1741 252 41 d'Esprit.
853 1737 80 37 Six.

248 1785 207 36 Feuilletons
472 1791 10 25 :

209 1826 63 32 Les
290 1827 208 30 carillons
848 1823 61 32 CH.
932 1821 174 34 DICKENS.

196 1865 57 34 -Le
266 1868 163 30 chax&du
446 1875 362 29 cygne.
846 1864 170 33 GEORGES
1029 1862 133 33 OHSET.

320 2018 782 122 CHRONIQUE

262 2184 214 62 Ah^ue
494 2183 41 41 le
555 2182 145 45 diable
718 2182 197 54 l'emporte
915 2182 60 54 !
1001 2192 73 31 car
1094 2178 76 56 qui
1192 2178 44 44 la

184 2227 230 65 •^pourrait
436 2231 102 46 bien
558 2236 200 52 regretter
758 2236 40 52 ?

267 2289 184 53 Chaque
472 2289 135 41 heure
622 2288 77 54 qui
719 2288 190 42 s'écoule
924 2287 42 42 la
987 2286 247 56 rapproche

212 2344 68 40 du
280 2344 160 40 terme
451 2342 116 49 fatal,
591 2354 55 28 au
676 2342 110 41 bout
807 2340 167 54 duquel
998 2350 65 34 est
1083 2341 44 42 la
1149 2340 84 48 fin,

216 2395 256 42 c'est-à-dire
494 2393 170 43 l'oubli.

265 2448 57 45 Et
343 2447 122 41 nulle
483 2446 100 53 plus
603 2445 159 54 qu'elle
785 2458 54 30 ne
859 2446 55 42 l'a
936 2445 170 43 mérité.

268 2500 277 42 L'humanité
584 2511 47 29 se
668 2503 154 40 résout
863 2498 308 44 difficilement
1209 2499 26 40 à

211 2553 182 45 mourir.

265 2605 97 43 Elle
382 2616 45 30 se
446 2604 166 44 révolte
645 2604 157 42 devant
836 2603 233 44 l'inconnu
1103 2604 131 43 béant

196 2658 103 54 que
318 2658 65 45 lui
398 2657 129 45 laisse
548 2657 222 43 entrevoir
790 2655 229 55 l'éternité,

267 2710 57 43 Et
337 2710 77 54 qui
433 2724 52 28 va
506 2710 198 43 anéantir
744 2721 66 29 ses
850 2714 274 50 espérances,
1164 2721 68 30 ses

212 2764 246 50 affections,
482 2775 67 28 ses
570 2762 248 43 ambitions,
832 2774 40 28 et
892 2774 68 28 ses
975 2763 161 41 labeurs
1136 2763 41 41 !

268 2817 112 41 Mais
400 2816 142 42 l'année
542 2816 54 42 !
617 2835 54 13 —
686 2827 73 31 car
778 2815 103 41 c'est
902 2814 52 41 de
976 2815 57 41 Sa
1055 2815 177 54 Disgra-

214 2869 188 42 cieuseté
431 2869 107 53 1887
562 2880 92 42 que
681 2868 57 53 je
738 2868 115 53 vous
876 2867 135 53 parle,
1043 2888 55 12 —
1127 2867 104 41 l'an-

212 2925 82 39 née
312 2922 127 42 laisse
455 2921 176 41 écouler
645 2921 384 53 mécaniquement
1042 2920 66 42 les
1121 2920 112 41 trois

212 2984 99 32 cent
349 2972 324 47 soixante-cinq
700 2983 184 36 gouttes
925 2973 77 55 qui
1050 2983 103 30 sont
1192 2972 43 41 le

211 3032 109 47 sang
340 3028 54 39 de
413 3039 68 28 ses
502 3026 123 52 veines
625 3026 54 52 ;
692 3029 125 50 après
838 3026 124 52 quoi,
986 3037 238 42 exsangue,

220 3079 238 53 momifiée,
475 3078 81 44 elle
576 3091 47 31 se
643 3077 200 55 vaporise
868 3090 53 28 en
958 3077 164 52 fumée,
1147 3077 88 42 afin

211 3132 54 44 de
265 3132 129 44 faire
412 3134 122 50 place
571 3142 116 30 nette
724 3135 24 36 à
785 3143 46 28 sa
868 3142 137 39 sœur,
1047 3131 109 41 dont
1192 3130 43 41 le

210 3190 134 36 règne
361 3197 95 28 sera
475 3184 40 41 le
536 3184 168 42 même,
716 3183 65 43 le
781 3183 174 43 chemin
995 3183 120 43 aussi
1136 3194 93 32 ma-

210 3238 392 53 thématiquement
622 3240 107 38 tracé
729 3240 36 38 !

267 3290 61 42 Le
360 3303 99 29 vase
479 3303 45 28 se
539 3288 143 43 réduit
703 3289 83 55 en.
786 3289 249 55 poussière,
1055 3310 52 12 —
1128 3299 44 32 et
1192 3288 42 43 le

211 3355 192 31 contenu
424 3343 91 41 s'en
531 3342 211 54 éparpille
780 3351 84 32 aux
903 3352 154 44 quatre
1096 3353 127 32 vents

211 3398 54 40 de
284 3396 231 51 l'histoire,
547 3395 77 54 qui
665 3408 104 29 aura
800 3394 121 44 seule
961 3395 41 42 le
1025 3395 119 44 droit
1178 3395 56 43 de

214 3460 245 45 prononcer
479 3461 75 30 sur
573 3460 84 31 son
673 3455 93 35 sort
785 3450 13 40 )

706 3512 25 20 ♦
731 3512 26 20 -

683 3534 33 22 *
716 3534 34 22 *

267 3567 113 42 Mais
401 3567 100 41 c'èst
518 3566 114 45 loin,
647 3566 192 44 l'histoire
839 3566 53 44 !
915 3576 42 31 et
971 3566 41 42 le
1033 3566 100 55 jury
1154 3565 77 47 qui

213 3633 208 39 compose
440 3633 83 30 son
541 3619 196 45 tribunal
763 3629 91 31 met
879 3632 56 29 au
955 3620 171 42 moins
1141 3631 91 30 une

210 3673 260 42 génération
508 3676 26 38 à
569 3685 125 30 peser
730 3671 245 44 sainement
1012 3685 88 30 son
1138 3684 94 30 ver-

208 3727 111 41 dict.

233 3778 296 53 Devançons
573 3776 117 44 donc
748 3789 84 30 son
878 3774 249 57 jugement,
1171 3785 59 44 et,

211 3844 104 30 avec
333 3844 64 29 un
417 3843 100 29 croc
537 3830 53 41 de
609 3829 280 54 chiffonnier,
911 3831 194 53 piquons
1119 3829 112 44 dans

206 3886 49 42 4e
255 3886 83 42 tas
352 3885 54 41 de
424 3883 216 56 guenilles
660 3895 87 43 que
789 3883 111 54 1887
928 3883 130 53 lègue
1091 3887 26 40 à
1152 3883 78 43 l'a-

213 3939 138 40 venir.

269 3990 141 51 Quels
430 3991 177 54 oripeaux
607 3991 60 54 !
689 3989 166 56 quelles
875 3989 154 56 loques
1046 3990 15 44 1
1106 3988 131 56 quels

213 4044 203 52 détritus,
433 4043 196 54 Seigneur
629 4043 44 54 !

256 4096 75 41 La
350 4096 214 52 politique
585 4095 245 53 qu'a-t-elle
851 4095 211 53 produit?

267 4149 182 41 A-t-elle
468 4149 207 41 fusionné
707 4149 64 40 les
812 4149 119 53 partis
931 4149 52 53 ?
1021 4146 210 44 amélioré

215 4200 40 43 le
287 4212 92 31 sort
416 4201 76 40 des
528 4201 290 54 prolétaires?
855 4201 148 41 donné
1042 4200 192 54 quelque

215 4255 134 40 chose
385 4266 55 29 en
461 4254 153 53 pâture
652 4257 24 38 à
708 4264 67 30 cet
812 4253 234 42 insatiable
1086 4253 147 42 mino-

213 4319 123 30 taure
353 4308 76 53 qui
449 4305 207 56 s'appelle
683 4306 43 43 la
743 4307 171 54 nation,
933 4316 42 34 et
994 4306 80 55 qui
1093 4319 140 42 pour-

214 4371 94 31 tant
328 4371 63 31 est
409 4360 225 45 souverain
634 4360 45 45 ?

268 4413 183 46 Non!

268 4461 98 46 Elle
403 4468 101 41 s'est
538 4468 189 41 bornée
739 4471 24 38 à
805 4478 182 31 tourner
1030 4466 113 43 dans
1190 4466 45 42 le

190 4534 6 9 c
213 4521 143 41 même
377 4521 138 41 cercle
537 4520 186 52 vicieux,
745 4525 24 36 à
789 4520 188 54 piétiner
998 4533 76 29 sur
1088 4520 141 54 place,

212 4584 106 30 sous
340 4578 191 49 prétexte
552 4574 53 40 de
624 4574 180 46 galoper
837 4574 109 40 dans
985 4574 41 40 la
1064 4573 166 46 grande

212 4625 178 42 yoiedu
411 4630 197 49 progrès,
631 4637 42 29 et
693 4631 24 35 à
756 4627 176 41 donner
951 4627 24 39 à
1012 4626 220 52 l'Europe

214 4690 84 30 aux
311 4681 182 47 écoutes
511 4679 42 41 le
585 4677 200 44 mauvais
805 4677 215 55 spectacle
1058 4678 54 41 de
1151 4690 84 29 nos

214 4732 230 49 divisions,
468 4731 53 40 de
541 4742 82 30 nos
643 4734 216 51 égoïsmes
882 4741 41 32 et
945 4730 53 44 de
1018 4743 84 31 nos
1123 4742 110 44 pau-

214 4789 162 38 vretés.
427 4795 27 35 ii

265 4891 118 41 Tant
402 4891 99 51 plus
522 4903 49 39 ça
591 4889 186 53 change,
817 4897 96 34 tant
946 4889 103 53 plus
1069 4889 105 44 c'est
1192 4887 44 46 la

214 4945 142 39 même
378 4943 150 54 chose,
555 4944 131 40 disait
707 4940 230 47 Bobèche.

1339 1281 125 42 Nous
1504 1292 133 30 avons
1678 1279 191 54 changéj
1890 1278 52 41 de
1973 1277 236 55 président,
2254 1274 53 41 de

1290 1334 235 41 ministres.

1341 1386 124 41 Nous
1487 1398 133 29 avons
1642 1395 54 31 eu
1718 1385 52 40 de
1807 1383 301 42 retentissants
2129 1391 44 30 et
2197 1378 112 45 mal-

1288 1450 181 35 propres
1483 1442 168 44 procès,
1675 1438 108 41 dont
1794 1437 63 41 les
1878 1434 336 43 éclaboussures
2214 1434 96 43 ont

1290 1491 152 41 atteint
1462 1485 186 47 l'armée,
1671 1490 41 41 la
1746 1489 321 43 magistrature,
2089 1487 208 40 l'Etat.

1288 1552 41 32 et
1357 1543 94 52 qui,
1490 1543 96 41 hélas
1586 1543 49 41 !
1667 1543 122 40 n'ont
1811 1530 124 64 point
1974 1541 63 40 dit
2075 1540 94 40 leur
2210 1538 93 41 der-

1297 1594 95 42 nier
1413 1596 77 41 mot
1490 1596 39 41 !

1345 1648 35 49 Il
1400 1649 90 39 s'en
1519 1657 64 31 est
1604 1647 106 41 fallu
1732 1648 53 39 de
1825 1658 101 39 peu,
1966 1657 85 40 que
2091 1656 75 41 par
2188 1642 120 42 deux

1291 1700 83 40 fois
1396 1701 41 40 la
1458 1712 153 41 guerre
1632 1712 54 29 ne
1701 1699 139 54 surgit
1854 1699 240 41 d'incident
2115 1695 63 42 de
2178 1695 129 42 fron-

1290 1753 179 41 tières.
2133 1781 11 18 v

1345 1804 57 42 Et
1419 1814 95 32 tout
1535 1805 175 42 marche
1750 1803 262 43 cahin-caha
2037 1814 172 30 comme
2233 1801 75 41 de-

1289 1867 117 39 vant,
1428 1858 106 41 dans
1556 1869 124 31 notre
1702 1859 109 41 beau
1833 1865 105 43 pays
1965 1858 53 39 de
2040 1857 167 41 France
2225 1857 10 37 !
2260 1861 64 42 ce.

1290 1911 76 52 qui
1386 1922 70 30 me
1471 1910 166 43 semble
1659 1922 86 30 une
1785 1908 265 44 irrécusable
2068 1918 162 43 preuve
2256 1906 52 40 de

1291 1974 126 32 notre
1437 1963 349 54 scepticisme.
1813 1971 41 32 et
1892 1962 53 41 de
1960 1972 126 32 notre
2105 1961 218 54 légèreté.

1798 2029 19 17 *

1779 2056 30 17 »
1809 2056 30 17 *

1344 2087 72 43 En
1435 2087 206 53 finances,
1666 2077 345 64 qu'avons-nous
2030 2085 84 42 vu?

1345 2140 267 55 Déceptions
1633 2152 188 42 presque
1842 2140 162 53 partout
2004 2140 41 53 !

1346 2194 61 42 La
1420 2194 124 42 ruine
1565 2206 113 41 pour
1698 2206 63 29 un
1780 2192 138 63 grand
1939 2192 164 44 nombre
2103 2192 48 44 !

1347 2247 60 43 La
1430 2246 172 42 fortune
1626 2259 113 41 pour
1760 2246 102 41 bien
1881 2258 86 42 peu
1989 2249 10 37 !

1346 2299 61 41 Le
1446 2299 282 42 déshonneur
1760 2311 114 39 pour
1902 2298 399 45 quelques-uns.

1343 2353 59 42 Et
1415 2352 40 43 la
1489 2352 173 42 retraite
1695 2351 209 42 continue
1934 2352 59 41 du
2017 2348 162 56 capital
2210 2348 96 55 qui,

1289 2404 108 43 dans
1418 2419 47 27 sa
1485 2404 323 54 pusillanimité
1847 2408 204 49 exagérée
2088 2412 104 31 veut
2212 2402 97 41 voir

1291 2459 75 41 des
1397 2457 285 54 traquenards
1708 2467 49 32 et
1793 2456 75 42 des
1909 2457 399 42 bouleversements

1289 2520 195 46 partout.

1346 2564 37 41 Il
1405 2574 62 31 est
1486 2561 113 54 juste
1619 2562 214 54 d'ajouter
1872 2574 86 43 que
1989 2562 43 42 le
2070 2561 185 53 budget
2255 2561 54 53 —

1290 2617 75 53 qui
1387 2617 108 41 n'est
1513 2629 76 41 pas
1609 2628 157 30 encore
1785 2615 81 42 voté
1866 2615 49 42 !
1935 2637 54 10 —
2008 2615 101 41 s'est
2128 2615 181 41 montré

1289 2683 60 28 un
1370 2669 165 42 instant
1555 2681 103 29 avec
1677 2682 62 28 un
1759 2672 180 37 énorme
1960 2678 101 32 trou
2082 2671 10 36 !

1344 2723 56 41 Et
1419 2721 107 54 qu'il
1544 2734 24 28 a
1588 2721 106 42 fallu
1717 2731 142 31 toutes
1898 2721 65 41 les
2001 2720 214 43 habiletés
2255 2720 54 40 de

1288 2788 83 29 nos
1404 2773 231 43 financiers
1674 2786 112 42 pour
1807 2774 189 54 repriser
2035 2783 109 32 cette
2181 2773 129 42 étoffe

1289 2836 208 47 pourtant
1516 2830 87 38 très
1624 2826 196 54 élastique
1820 2826 40 54 !

1343 2880 114 42 Mais
1477 2879 134 52 enfin,
1632 2879 90 42 lors
1743 2880 142 41 même
1905 2892 86 41 que
2006 2879 92 42 cela
2120 2879 72 42 eût
2221 2880 87 51 été,

1290 2946 62 29 un
1374 2942 101 32 trou
1490 2945 56 28 au
1568 2932 162 52 budget
1750 2945 48 27 ce
1816 2944 55 29 ne
1892 2932 132 42 serait
2044 2946 76 40 pas
2131 2944 178 42 encore,

1291 2986 116 42 Dieu
1428 2984 153 53 merci,
1602 2996 63 29 un
1685 2995 100 31 trou
1802 2988 30 37 à
1851 2985 42 42 la
1912 2985 93 41 lune
2005 2985 38 41 !

1344 3038 60 41 Et
1422 3038 44 41 la
1488 3037 169 42 France
1677 3047 63 31 est
1779 3050 119 28 assez
1935 3038 139 52 riche,
2096 3038 39 41 si
2168 3038 82 42 elle
2269 3037 42 42 le

1291 3091 187 53 voulait,
1500 3103 115 41 pour
1635 3103 46 29 se
1702 3103 132 41 payer
1855 3090 41 41 le
1918 3090 102 43 luxe
2038 3091 107 40 d'un
2165 3091 146 41 déficit

1289 3144 161 56 qu'elle
1473 3154 63 32 est
1557 3142 209 54 toujours
1797 3143 190 44 certaine
2007 3144 54 41 de
2081 3144 180 43 combler
2261 3144 46 43 !

1783 3209 22 20 *

1761 3231 32 21 ♦
1793 3231 33 21 ♦

1343 3267 122 45 Dans
1484 3267 63 44 les
1568 3266 155 46 choses
1745 3267 53 43 de
1818 3268 41 44 la
1878 3280 174 43 guerre,
2073 3268 237 56 qu'avons-

1289 3334 115 30 nous
1427 3335 54 28 eu
1495 3323 18 39 ?

1346 3374 62 42 La
1445 3374 306 53 régénération
1790 3373 53 43 de
1880 3385 126 33 notre
2048 3377 171 41 armée?
2263 3389 47 30 sa

1290 3428 338 41 reconstitution
1646 3428 238 53 vigoureuse
1884 3428 66 53 ?
1969 3430 62 39 les
2048 3430 185 41 brèches
2256 3430 55 41 de

1289 3481 43 41 la
1352 3480 164 43 grande
1535 3484 104 40 épée
1659 3482 54 40 de
1745 3492 126 31 notre
1891 3480 137 43 patrie
2050 3482 37 41 si
2118 3481 103 42 bien
2240 3487 69 35 ré-

1291 3539 149 48 parées
1459 3522 156 65 qu'elle
1627 3543 113 45 peut
1771 3546 125 41 peser
1922 3534 219 52 derechef,
2175 3535 134 41 lourd

1291 3597 43 32 et
1381 3586 103 53 fort,
1523 3587 107 42 dans
1675 3586 43 42 la
1763 3586 167 54 grande
1977 3586 179 43 balance
2184 3599 127 31 euro-

1291 3640 157 52 péenne
1448 3640 45 52 ?

1347 3692 74 42 Heu
1421 3692 56 42 !
1501 3690 64 43 heu
1565 3690 49 43 !
1638 3704 61 33 un
1720 3703 85 42 peu
1843 3692 53 44 de
1920 3693 115 52 cela,
2072 3693 237 53 peut-être,

1292 3744 111 47 mais
1423 3756 90 42 pas
1521 3748 106 38 assez
1627 3748 36 38 !

1348 3797 75 42 On
1442 3809 114 29 nous
1577 3811 24 29 a
1628 3797 112 43 servi
1761 3797 77 43 des
1875 3798 87 43 lois
2000 3798 308 55 incomplètes,

1291 3851 76 41 des
1387 3851 209 41 réformes
1616 3863 87 40 que
1730 3851 108 42 1888
1876 3851 241 43 réformera
2149 3851 158 43 certai-

1292 3903 141 42 nement
1433 3903 61 42 !
1518 3902 125 53 mais,
1667 3914 157 32 encore
1837 3913 42 32 et
1898 3905 221 52 toujours,
2132 3906 53 41 de
2201 3917 109 30 nou-

1289 3969 142 30 veaux
1451 3955 311 52 changements
1782 3957 109 41 dans
1919 3957 43 40 la
1984 3957 259 53 chaussure,
2263 3957 44 42 la

1292 4008 182 43 coiffure
1494 4018 40 33 et
1552 4009 313 55 l'équipement
1880 4010 53 40 de
1953 4022 81 29 nos
2056 4020 202 44 troupes.

1347 4062 76 40 Un
1444 4061 95 42 seul
1558 4061 90 42 bon
1686 4063 127 52 point
1832 4063 46 41 —
1878 4063 139 41 mais
2048 4076 61 28 un
2130 4075 104 41 gros
2254 4084 55 16 —

1293 4125 113 32 reste
1427 4117 24 38 à
1465 4114 177 53 l'acquit
1664 4115 53 40 de
1736 4114 88 42 l'an
1845 4114 77 54 qui
1940 4115 90 41 s'en
2052 4128 66 28 va.

1350 4167 61 40 Le
1432 4166 103 42 fusil
1552 4165 55 43 de
1643 4166 109 53 petit
1786 4167 162 43 calibre
1972 4177 41 33 et
2042 4168 42 43 la
2104 4165 211 47 nouvelle

1291 4219 187 63 poudre.

1348 4271 199 56 L'espoir
1565 4273 54 42 de
1634 4272 183 44 l'avenir
1831 4277 11 39 !

1345 4326 185 43 Surtout
1549 4326 36 41 si
1605 4339 114 30 nous
1739 4338 193 32 sommes
1971 4339 118 31 assez
2110 4329 138 43 avisés
2271 4337 45 34 et

1293 4393 139 41 sages,
1454 4392 114 41 pour
1589 4380 101 42 bien
1710 4393 139 30 serrer
1881 4391 42 31 et
1942 4382 163 42 retenir
2119 4383 43 41 la
2182 4383 121 41 main

1292 4435 95 54 qui,
1407 4434 61 43 du
1489 4432 130 55 nord,
1641 4434 166 44 semble
1827 4447 48 29 se
1892 4435 153 43 tendre
2060 4447 96 32 vers
2177 4435 133 44 nous!

1794 4508 20 18 *

1774 4535 30 20 *
1804 4535 31 20 »

1346 4570 71 44 En
1436 4571 231 54 industrie,
1690 4573 101 54 qu'a
1810 4574 155 53 pondu
1994 4574 101 56 1887
2095 4574 41 56 ?

1347 4625 75 40 Un
1442 4626 179 40 malaise
1642 4627 53 39 de
1714 4626 101 52 plus
1839 4640 56 28 en
1914 4627 100 52 plus
2038 4627 221 52 grand.!

1343 4678 59 41 Et
1422 4677 75 42 des
1516 4680 134 51 grèves
1650 4680 39 51 !

1345 4731 68 42 En
1437 4741 80 41 art,
1539 4743 85 43 que
1645 4737 114 37 nous
1781 4732 167 44 a-t-elle
1969 4732 105 43 servi
2074 4732 36 43 !

1349 4782 75 42 Un
1446 4784 136 40 Salon
1605 4785 241 52 médiocre,
1869 4787 76 39 des
1982 4786 134 42 livres
2137 4795 177 33 comme

1288 4835 43 43 le
1351 4836 152 49 Salon,
1526 4836 74 41 des
1612 4837 144 52 pièces
1777 4852 56 27 ne
1851 4841 147 39 valant
2018 4844 133 45 guère
2164 4839 150 40 mieux

1290 4901 86 32 que
1394 4889 62 42 les
1479 4888 145 45 livres,
1643 4889 107 44 bref,
1784 4891 75 42 des
1886 4891 212 42 banalités
2125 4891 109 42 dont
2272 4890 43 41 le

1290 4941 145 43 diable
1456 4942 95 42 seul
1572 4955 45 28 se
1637 4942 124 44 lèche
1781 4943 64 43 les
1866 4944 138 54 doigts
2004 4944 40 54 !

2417 1273 126 41 Nous
2565 1274 62 40 lui
2650 1275 180 48 devons,
2853 1285 75 38 par
2948 1283 167 40 contre,
3132 1271 74 39 des
3228 1270 148 53 épidé-

2365 1326 107 41 mies
2494 1326 51 40 de
2575 1337 143 31 toutes
2757 1337 154 39 sortes,
2952 1325 76 40 des
3062 1323 223 42 incendies
3314 1321 63 41 ef-

2366 1379 218 50 froyables
2607 1390 40 29 et
2662 1379 115 40 leurs
2795 1382 340 46 conséquences,
3154 1376 74 40 des
3252 1374 124 41 duels

2365 1435 21 35 à
2408 1430 159 42 horion
2590 1444 84 39 que
2694 1441 191 38 veux-tu,
2929 1440 41 30 et
2997 1440 95 30 tout
3128 1441 58 28 un
3226 1428 61 40 lot
3323 1427 53 39 de

2364 1495 156 29 menus
2541 1496 131 30 maux
2692 1484 75 44 qui
2788 1493 214 32 resteront
3018 1486 22 36 à
3057 1481 150 55 jamais
3222 1483 167 50 gravés

2364 1536 107 40 dans
2492 1535 40 41 la
2553 1536 210 42 mémoire
2784 1536 52 42 de
2873 1548 107 28 ceux
3000 1534 77 53 qui
3099 1543 157 31 auront
3278 1545 99 30 sur-

2363 1591 108 39 vécu
2491 1593 22 36 à
2535 1599 143 31 toutes
2700 1601 69 29 ces
2792 1601 148 30 causes
2962 1586 240 42 morbides.

2871 1665 19 17 *

2420 1732 60 40 Le
2511 1731 96 41 seul
2637 1730 220 51 satisfecit
2885 1741 86 40 que
3003 1741 113 28 nous
3150 1726 228 55 puissions

2365 1784 205 42 accorder
2608 1788 23 36 à
2663 1783 285 42 l'imminente
2983 1781 177 41 défunte
3180 1780 64 40 lui
3281 1790 96 29 sera

2365 1838 99 41 valu
2503 1850 77 41 par
2609 1838 63 40 les
2706 1837 176 41 beautés
2921 1834 331 52 climatériques
3268 1831 111 42 dont

2365 1890 81 41 elle
2466 1901 114 29 nous
2601 1902 23 28 a
2644 1889 203 53 gratifiés.

2418 1942 128 41 Nous
2568 1955 133 27 avons
2724 1954 54 27 eu
2799 1954 60 28 un
2880 1940 244 52 printemps
3155 1938 221 50 pluvieux,

2365 2008 61 29 un
2448 1999 65 38 été
2534 1993 214 55 passable,
2787 2007 61 28 un
2877 2003 207 32 automne
3105 1990 270 44 diluvien.

2366 2059 40 31 et
2427 2061 61 28 un
2508 2047 124 42 hiver
2645 2047 75 54 qui
2736 2047 235 41 s'annonce
2992 2059 55 28 en
3069 2046 214 40 cataractes
3283 2046 40 40 !

2419 2101 297 42 Conclusion:
2752 2100 74 40 des
2868 2099 269 51 bronchites,
3165 2097 75 41 des
3260 2096 118 54 pleu-

2365 2155 148 49 résies,
2530 2154 75 41 des
2628 2152 292 52 pneumonies
2955 2162 42 31 et
3018 2162 120 31 toute
3177 2161 88 29 une
3287 2161 89 29 ma-

2365 2208 183 42 cédoine
2568 2207 54 42 de
2643 2207 177 42 misères
2862 2205 115 53 pires
2998 2205 61 41 les
3080 2216 111 29 unes
3212 2214 87 42 que
3317 2202 64 42 les

2365 2258 133 54 autres
2498 2258 38 54 !
2559 2305 11 7 -

2399 2301 137 57 -Ètûii
2557 2305 63 51 M.
2642 2311 206 51 Alphand
2870 2321 63 32 est
2954 2310 208 43 satisfait!
3182 2320 49 42 -
3231 2320 147 42 parçe

2365 2365 109 47 qu'il
2512 2367 178 45 remplit
2728 2380 66 28 ses
2833 2364 236 42 réservoirs
3122 2373 41 33 et
3202 2375 100 43 que,
3343 2360 38 42 si

2364 2419 97 41 l'été
2476 2419 54 40 de
2569 2420 107 40 1888
2699 2430 64 31 est
2782 2417 161 54 chaud,
2977 2417 62 41 les
3081 2416 221 44 Parisiens
3326 2425 55 31 ne

2365 2481 293 45 manqueront
2672 2485 77 42 pas
2763 2472 141 42 d'eau.

2862 2556 21 19 *

2842 2578 31 20 *
2873 2578 32 20 *

2417 2623 145 49 Ergo,
2594 2622 158 50 qu'elle
2771 2621 97 42 s'en
2888 2619 99 44 aille
3008 2631 55 30 au
3093 2617 99 55 plus
3205 2616 107 56 vite,
3341 2614 41 42 la

2348 2687 208 35 coquine
2579 2676 75 45 qui
2675 2688 114 28 nous
2810 2673 208 42 réservait
3038 2681 95 32 tant
3164 2670 53 40 de
3237 2670 147 40 tribu-

2365 2731 179 49 lations,
2567 2730 53 40 de
2658 2728 240 52 vexations,
2937 2726 55 41 de
3011 2724 223 42 malheurs
3255 2731 43 31 et
3331 2720 55 41 de

2365 2782 297 54 catastrophes
2678 2785 10 37 !

2421 2835 172 45 Qu'elle
2612 2834 162 49 plonge
2794 2834 85 42 tête
2893 2832 165 42 baissée
3074 2830 107 41 dans
3196 2828 41 41 le
3252 2831 132 38 néant

2366 2889 131 53 d'où,
2507 2890 114 43 pour
2639 2896 126 32 notre
2794 2886 224 43 bonheur,
3049 2884 83 41 elle
3155 2881 76 42 eût
3251 2881 60 41 dû
3330 2892 57 30 ne

2368 2941 152 53 jamais
2543 2940 156 42 sortir!
2718 2950 95 33 et.

2420 2993 100 51 Que
2538 2994 41 41 le
2600 2992 142 42 diable
2756 2991 194 55 l'emporte
2950 2991 59 55 !
3055 2991 103 43 c'est
3179 2988 41 42 le
3241 2986 146 44 moins

2366 3047 77 55 qui
2464 3046 151 56 puisse
2634 3046 63 43 lui
2717 3046 152 42 arriver
2869 3046 39 42 !

3054 3097 225 43 SÉRAPHIN.

2634 3205 8 9 11
2708 3190 370 34 ————
3311 3197 12 10 9

2430 3288 562 102 CORRESPONDANCE
3044 3276 280 108 CELESTE

2869 3475 21 39 1

2412 3558 48 11 —
2478 3537 165 38 Certes,
2664 3542 88 30 une
2777 3536 161 37 femme
2957 3531 133 41 fidèle
3121 3529 70 40 est
3210 3536 59 32 un
3289 3534 101 33 rare

2366 3585 153 35 trésor,
2543 3584 112 36 mais
2673 3581 147 39 quand
2839 3580 87 40 elle
2946 3589 28 29 a
3007 3579 42 38 le
3076 3576 228 41 caractère
3335 3574 55 39 de

2368 3632 44 38 la
2430 3632 190 38 mienne,
2641 3630 126 39 toute
2794 3627 162 39 misère
2987 3625 71 38 est
3086 3625 248 45 préférable
3361 3624 29 34 à

2367 3688 52 29 ce
2439 3677 131 40 trésor.
2570 3677 83 40 là.
2680 3674 116 40 C'est
2812 3682 137 35 payer
2968 3674 97 43 trop
3085 3670 107 39 cher
3206 3670 43 37 la
3261 3669 131 38 vertu

2366 3735 88 76 que
2472 3725 56 52 de
2547 3723 58 51 la
2605 3723 138 51 payer
2760 3720 60 39 du
2838 3727 129 39 repos
2997 3718 56 39 de
3072 3717 122 38 toute
3220 3723 51 30 sa
3301 3714 89 40 vie.

2366 3764 225 47 Célestine
2609 3772 68 36 est
2688 3764 325 49 irréprochable
3030 3770 169 32 comme
3211 3761 177 52 épouse,

2368 3819 108 36 soit!
2516 3815 113 38 Mais
2666 3815 143 40 est-ce
2846 3820 87 31 une
2970 3812 148 37 raison
3158 3812 232 36 suffisante

2367 3874 109 26 pour
2495 3862 156 38 qu'elle
2672 3869 71 31 me
2781 3859 135 39 rende
2954 3856 254 41 l'existence
3239 3854 150 46 insup-

2368 3910 229 38 portable?
2617 3904 96 44 Cela
2713 3904 289 44 justifie-t-il
3030 3911 80 31 son
3127 3900 189 48 procédé
3337 3899 54 39 de

2366 3958 145 37 tantôt
2547 3957 42 36 le
2626 3955 141 38 moins
2803 3953 58 38 du
2896 3950 191 42 monde?
3118 3947 97 40 Elle
3246 3947 147 38 s'était

2369 4006 126 36 levée
2514 4002 165 40 d'assez
2704 4000 143 40 bonne
2879 3998 188 38 humeur
3097 3998 46 36 et
3160 3993 232 49 j'espérais

2368 4061 87 28 une
2470 4050 184 39 journée
2673 4047 141 39 calme
2834 4044 161 45 quand,
3017 4042 128 47 après
3167 4042 49 38 le
3247 4041 146 45 déjeu-

2370 4106 93 28 ner,
2485 4104 109 30 pour
2611 4102 88 32 une
2719 4092 156 42 simple
2902 4091 187 38 mouche
3121 4095 84 39 que
3231 4088 159 44 j'avais

2370 4144 187 37 poussée
2582 4141 55 40 de
2657 4148 79 33 son
2755 4137 108 44 côté,
2894 4145 56 31 en
2979 4134 184 41 tâchant
3194 4133 55 39 de
3281 4133 115 37 m'en

2371 4190 198 36 garantir
2604 4184 214 42 moi-même
2818 4184 72 42 ;
2929 4181 88 41 elle
3066 4182 85 38 m'a
3206 4180 144 46 appelé
3350 4180 42 46 :

2372 4238 179 35 égoïste,
2578 4235 145 38 tyran,
2749 4237 249 34 sans-cœur
3025 4229 57 44 et,
3120 4225 275 45 finalement,

2371 4284 205 36 canaille,
2597 4275 298 45 atoutbrisésur
2895 4275 63 45 la
2958 4275 172 45 table,
3144 4272 252 40 estmontée

2373 4334 111 33 dans
2520 4338 51 29 sa
2607 4326 207 41 chambre
2834 4331 170 32 comme
3029 4330 89 31 une
3144 4321 129 44 furie,
3294 4319 105 39 s'est

2373 4377 192 37 habillée
2597 4376 46 38 et
2680 4374 68 39 est
2789 4371 135 40 sortie
2959 4377 104 31 sans
3099 4369 185 45 daigner
3326 4366 71 37 ré-

2371 4425 168 39 pondre
2558 4422 27 40 à
2602 4430 95 31 mes
2734 4419 99 45 plus
2858 4416 219 48 légitimes
3097 4413 242 50 questions.
3360 4412 37 39 Il

2371 4474 70 36 est
2468 4471 97 39 huit
2584 4469 161 39 heures
2772 4467 45 38 et
2842 4464 87 39 elle
2956 4464 113 38 n'est
3096 4470 79 39 pas
3203 4463 192 47 rentrée.

2373 4520 47 36 Si
2438 4519 48 37 je
2505 4516 97 40 vais
2621 4513 125 42 dîner
2764 4511 96 41 seul
2880 4519 55 31 au
2956 4511 266 43 restaurant,
3240 4509 160 44 j'aurai

2372 4576 62 26 un
2452 4567 202 35 nouveau
2692 4565 205 34 vacarme
2926 4561 135 34 avant
3090 4562 101 40 peu.
3225 4555 170 45 Cepen-

2373 4614 108 34 dant
2499 4612 145 33 toutes
2665 4608 65 39 les
2758 4606 155 39 scènes
2938 4603 59 38 du
3025 4601 158 39 monde
3202 4608 58 31 ne
3280 4607 116 31 rem-

2372 4658 179 52 placent
2569 4663 79 41 pas
2672 4662 62 33 un
2764 4648 360 48 chateaubriand,
3163 4647 27 40 à
3228 4646 168 41 l'heure

2373 4709 80 40 des
2472 4712 144 41 repas.

2419 4753 103 37 Mon
2539 4748 144 41 voisin
2702 4745 277 45 Guignevent
2998 4739 84 48 est
3082 4739 105 48 cent
3187 4739 105 48 fois
3292 4739 106 48 plus

2373 4802 201 32 heureux
2609 4804 86 30 que
2732 4793 103 40 moi.
2872 4791 37 40 Il
2947 4792 69 39 est
3059 4789 171 45 trompé
3274 4789 27 36 à
3356 4789 45 36 la

2368 4845 189 36 journée
2577 4844 46 37 et
2650 4842 42 38 le
2721 4840 136 39 serait
2890 4833 464 44 vraisemblablement
3373 4833 28 36 à

2368 4879 51 51 la
2438 4892 109 38 nuit,
2570 4889 67 39 s'il
2664 4888 121 38 avait
2805 4886 40 38 le
2870 4884 86 40 bon
2982 4882 138 48 esprit
3151 4880 54 40 de
3237 4881 162 37 décou-

2371 4942 82 45 cher
2453 4942 50 45 ;
2525 4935 112 42 mais
2661 4934 33 40 il
2722 4934 69 40 est
2822 4929 154 50 choyé,
3009 4928 203 47 dorlotté,
3242 4928 158 46 appelé

3433 1269 76 39 des
3547 1277 120 32 noms
3714 1272 63 39 les
3815 1271 96 43 plus
3948 1271 126 43 doux,
4117 1272 56 39 et,
4214 1278 166 31 comme
4416 1257 52 50 iB

3433 1317 149 45 ignore
3604 1326 76 30 son
3701 1327 87 37 cas,
3810 1318 111 46 rien,
3934 1318 232 46 vraiment,
4186 1325 58 31 ne
4263 1312 201 51 manque

3433 1363 29 38 à
3478 1372 49 29 sa
3548 1363 178 40 félicité.

3478 1409 125 39 Ainsi
3640 1410 238 42 gémissait,
3902 1410 160 41 étendu
4089 1419 77 33 sur
4197 1418 61 33 un
4282 1407 185 45 canapé*

3433 1457 45 38 et
3498 1457 168 39 fumant
3688 1457 317 40 furieusement
4037 1458 78 39 des
4133 1458 253 39 cigarettes,
4407 1451 61 49 le*

3434 1503 286 40 malheureux
3764 1503 187 40 Thomas
3991 1504 334 45 Clignebourde,
4371 1498 98 42 uni;

3433 1557 79 34 par
3540 1549 64 39 les
3643 1551 110 39 liens
3786 1550 65 39 les
3883 1551 97 40 plus
4009 1552 147 39 sacrés
4188 1551 46 38 et
4268 1550 67 39 les
4353 1548 116 48 plus

3434 1595 191 40 notoires
3644 1598 26 36 à
3689 1597 127 39 dame
3839 1597 222 40 Gélestine
4093 1597 59 40 du
4172 1595 144 41 même
4336 1602 134 36 noDI4

3481 1643 66 41 Et,
3570 1644 153 38 tenant
3742 1653 49 30 sa
3810 1642 92 41 tête
3923 1648 126 36 entre
4067 1652 72 32 ses
4158 1645 117 39 deux
4299 1642 172 42 poing#

3434 1698 166 31 comme
3620 1699 60 29 un
3700 1690 215 48 désespéré
3915 1690 43 48 :

3479 1755 48 9 —
3562 1737 102 38 Mon
3706 1737 130 39 Dieu!
3877 1737 265 47 s'éeria-t-ii,
4171 1738 48 46 je
4248 1745 56 32 se
4335 1690 140 94 serait

3435 1783 111 41 donc
3560 1783 161 47 jamais
3735 1786 80 36 cocu
3815 1786 48 36 !
4469 1785 8 47 )

3481 1830 105 39 Puis
3615 1839 47 30 se
3695 1831 259 40 retournant
3981 1831 331 46 brusquement,
4334 1836 142 41 pooq

3435 1885 56 36 ne
3510 1877 99 44 plus
3638 1877 95 44 V?ir
3770 1876 44 40 le
3842 1878 105 43 jeu
3964 1880 47 37 et
4030 1877 188 41 cachant
4237 1885 82 33 son
4334 1876 142 43 frang

3436 1924 108 38 dans
3564 1922 64 40 les
3648 1923 212 41 coussins,
3886 1921 61 43 il
3947 1921 246 43 s'endormit
4211 1922 127 42 d'un
4338 1922 128 42 mau-

3435 1970 96 39 vais
3550 1969 211 40 sommeil.
3798 1969 85 40 Car
3907 1970 49 47 je
3981 1971 285 46 n'appellerai
4294 1962 182 55 jamais

3436 2018 249 38 autrement
3704 2016 114 40 celui
3838 2026 78 36 par
3946 2018 161 45 lequel,
4128 2026 58 32 en
4205 2019 129 38 vertu
4354 2016 122 46 d'wri

3437 2063 225 50 proverbe
3666 2062 215 49 imbécile,
3903 2072 58 33 on
3993 2065 124 40 tente
4136 2065 57 48 de
4212 2061 266 52 remplacer

3436 2118 61 34 un
3516 2112 85 40 bon
3621 2112 140 39 dîner.

3922 2183 48 40 II

3485 2242 192 41 Observe
3697 2241 114 46 bien,
3834 2241 180 48 lecteur,
4035 2250 102 34 mon
4156 2249 177 40 garçon,
4351 2225 129 64 qu'ily

3438 2289 128 45 s'agit
3584 2290 100 39 d'un
3704 2289 155 43 simple
3886 2288 107 41 rêve
4031 2292 45 38 et
4113 2298 86 34 que
4236 2288 117 40 celui
4383 2288 88 46 quir

3439 2337 88 39 suit
3546 2337 110 40 n'est
3674 2336 243 40 nullement
3945 2344 88 32 une
4060 2336 227 47 moquerie
4308 2336 29 39 à
4353 2332 117 42 l'en-

3439 2383 115 40 droit
3578 2384 54 37 de
3661 2384 42 38 la
3733 2383 183 46 légende
3935 2384 310 46 paradisiaque
4265 2390 108 39 pour
4394 2382 79 39 la*,

3425 2429 161 48 quelle
3602 2431 76 46 j'ai
3697 2429 249 40 infiniment
3973 2429 102 47 alus
4102 2429 56 41 de
4176 2429 175 48 respect
4368 2436 107 39 quou

3440 2478 99 38 n'en
3559 2476 231 49 professait
3811 2476 138 40 Henri
3968 2475 158 42 Heine.

3488 2524 134 47 Donc,
3661 2523 56 39 M.
3744 2522 190 40 Thomas
3951 2522 321 49 Clignebourde
4302 2522 76 40 eut
4396 2526 89 53 uw,

3441 2580 147 31 songe,
3609 2568 61 42 un
3701 2579 134 32 songe
3866 2578 148 33 creux,
4022 2568 188 42 comme
4239 2578 57 31 on
4322 2568 63 40 dit
4405 2568 80 39 dei

3440 2627 113 31 ceux
3571 2618 73 44 qui
3664 2626 56 31 ne
3739 2617 136 39 tirent
3901 2624 79 34 pas
4008 2616 28 39 à
4065 2618 321 40 conséquence.
4422 2609 66 45 Il*

3442 2665 225 44 s'imagina
3684 2671 83 38 que
3788 2672 79 31 son
3886 2665 155 38 ventre
4060 2663 101 39 vide
4181 2661 300 48 s'emplissait

3443 2713 53 39 de
3517 2721 79 31 gaz
3634 2711 84 39 fort
3745 2710 133 42 léger.
3916 2711 70 38 Au
4016 2709 92 40 lieu
4136 2711 54 39 de
4221 2710 64 39 les
4307 2708 170 44 laisser

3443 2760 143 39 sortir,
3608 2766 167 31 comme
3812 2753 105 43 l'eût
3953 2756 82 39 fait
4065 2765 61 30 un
4155 2755 252 48 malappris,
4430 2750 50 52 ilf

3444 2814 56 28 en
3520 2805 188 42 profitait
3726 2812 109 33 pour
3859 2803 184 39 s'élever
4062 2811 58 31 en
4139 2802 98 39 l'air
4256 2803 28 37 à
4302 2802 45 38 la
4366 2809 109 30 ma-i

3443 2853 122 39 nière
3591 2852 76 39 des
3686 2851 185 39 ballons.
3908 2850 36 38 Il
3977 2849 109 39 était
4116 2849 104 46 déjà
4250 2849 87 39 fort
4356 2846 133 47 haut,

3444 2900 109 40 dans
3573 2899 44 38 la
3637 2906 98 34 nue,
3757 2897 310 43 n'apercevant
4081 2896 101 46 plus
4195 2895 44 39 le
4259 2893 127 40 dôme
4406 2893 75 39 da

3429 2946 243 41 Panthéon
3692 2953 85 34 que
3796 2951 168 32 comme
3983 2951 62 31 un
4058 2942 124 45 point
4200 2941 112 46 noir,
4333 2942 46 37 et
4397 2948 77 31 ce-

3445 2992 62 42 lui
3527 2994 77 38 des
3622 2990 221 40 Invalides
3861 2998 85 36 que
3974 2997 168 32 comme
4174 2996 62 31 un
4260 2990 127 44 grain
4406 2985 74 40 d&,

3445 3039 224 42 poussière
3688 3038 100 43 d'or,
3803 3036 147 41 quand
3962 3044 89 30 une
4064 3034 142 40 rafale
4219 3035 43 39 le
4282 3033 192 39 souleva.

3446 3089 45 35 et
3512 3087 196 43 l'envoya
3744 3090 232 39 promener
4012 3082 87 38 fort
4135 3090 59 30 au
4226 3080 102 40 delà
4346 3079 54 40 de
4421 3079 48 39 la

3446 3134 160 52 région
3616 3132 76 39 des
3712 3129 300 49 atmosphères
4031 3128 227 39 sidérales.

3493 3180 146 49 Ayant
3657 3177 199 42 traversé
3877 3176 43 38 la
3938 3176 99 40 voie
4069 3175 144 39 lactée
4243 3175 47 38 et
4308 3170 163 42 doublél

3556 3236 10 2 -
3579 3236 12 2 -
3603 3235 19 3 -
3635 3234 14 4 -
3696 3222 248 16 ~dI_--~-
3986 3221 75 17 .a---
4092 3222 100 16 _1_-
4232 3219 240 19 I_':.;..,.-~

3446 3230 66 38 les
3548 3234 105 34 caps
3691 3222 255 42 enflammés
3985 3221 78 41 des
4092 3222 101 46 plus
4232 3221 241 39 lointaines

3445 3275 214 35 planètes,
3693 3272 31 38 il
3750 3270 136 40 volait
3918 3269 108 39 dans
4055 3268 77 39 des
4150 3266 150 42 infinis
4319 3267 154 40 d'azur

3448 3324 53 39 de
3520 3323 98 40 plus
3638 3327 56 32 en
3725 3319 98 44 plus
3853 3316 135 47 pâles.
4027 3314 128 40 Enfin
4187 3314 63 40 lui
4283 3314 192 49 apparut

3446 3380 60 30 un
3525 3366 269 44 mystérieux
3824 3365 253 38 monument
4107 3369 89 39 que
4213 3362 176 47 gardait
4406 3368 67 30 un

3445 3414 203 40 vieillard
3667 3413 26 39 à
3710 3412 134 41 barbe
3855 3409 199 45 blanche,
4068 3416 124 31 assez
4212 3409 141 45 pareil
4372 3414 42 33 a
4414 3414 64 33 ua

3448 3462 219 39 derviche,
3706 3458 109 39 dans
3854 3456 145 41 lequel
4029 3456 32 38 il
4081 3454 216 39 reconnut
4315 3453 151 38 immé-

3447 3507 241 43 diatement
3706 3505 119 39 saint
3848 3503 167 46 Pierre,
4040 3502 42 39 le
4107 3499 180 47 céleste
4287 3499 182 47 portiez

3449 3559 57 41 du
3526 3555 147 47 séjour
3694 3552 75 40 des
3788 3548 318 42 bienheureux.

3491 3622 49 14 —
3559 3600 127 40 Voilà
3721 3606 88 32 une
3852 3595 98 39 âme
3990 3593 362 47 singulièrement
4391 3592 78 38 ha-

3446 3651 147 36 billée,
3617 3648 63 38 dit
3712 3643 190 41 celui-ci.
3932 3642 65 39 Tu
4028 3642 92 38 n'as
4140 3649 79 38 pas
4238 3639 44 39 la
4300 3639 171 47 préten.

3445 3701 108 38 tion,
3576 3702 119 37 mon
3709 3690 99 43 ami,
3843 3689 190 41 d'entrer
4065 3695 58 32 au
4154 3686 185 39 Paradis
4357 3685 115 40 dans

3447 3747 73 40 cet
3539 3737 342 52 accoutrement:

3494 3791 68 37 Et,
3595 3785 163 43 voyant
3788 3785 45 38 la
3864 3781 213 42 lassitude
4105 3780 57 40 de
4185 3779 191 39 Thomas
4393 3778 78 49 qui

3447 3836 192 39 soufflait
3658 3840 166 35 comme
3840 3839 60 31 un
3918 3830 174 43 phoque
4105 3828 45 39 et
4164 3827 117 40 suait
4300 3834 173 32 comme

3446 3895 62 26 un
3527 3881 189 44 gruvère
3733 3877 154 48 vieilli,
3910 3877 42 39 le
3972 3876 136 40 brave
4126 3873 175 41 homme
4321 3873 159 48 ajouta

3449 3923 358 50 immédiatement
3807 3923 52 50 :

3433 3977 205 7 -
3724 3982 9 1 -
4063 3970 176 13 .&._----.-
4273 3967 105 16 .1---
4400 3971 84 12 --'

3449 3968 104 40 —
3561 3968 133 48 Entre
3712 3970 272 48 néanmoins,
4005 3970 38 40 si
4063 3970 48 39 tu
4123 3975 130 41 veux,
4270 3968 110 40 dans
4399 3971 86 45 ma*

3450 4027 110 46 loge,
3584 4029 108 42 pour
3713 4022 41 37 te
3774 4017 221 48 dégonfler
4013 4026 61 30 un
4092 4025 105 39 peu.

3450 4027 42 40 Io
3498 4072 190 38 Thomas
3725 4063 317 49 Clignebourde
4080 4072 56 29 ne
4165 4071 48 31 se
4245 4062 43 40 le
4318 4061 52 40 fit
4394 4068 90 44 pas

3451 4120 95 32 dire
3566 4118 116 33 deux
3714 4113 82 38 fois
3827 4112 46 38 et
3898 4111 159 38 s'étant
4075 4111 111 37 lesté
4205 4111 127 38 d'une
4356 4113 128 34 mar-

3451 4166 108 37 mite
3579 4170 75 30 sur
3675 4161 40 39 le
3734 4158 112 45 chef,
3869 4165 48 32 se
3937 4157 134 39 laissa
4088 4155 172 40 tomber
4286 4155 108 40 dans
4413 4150 75 45 ua;

3452 4214 55 36 de
3545 4218 74 32 ces
3651 4205 208 42 fauteuils
3889 4212 84 38 que
4005 4211 110 32 nous
4142 4202 209 48 appelons
4372 4201 117 47 Vol-

3452 4259 136 39 taires
3602 4253 49 45 et
3651 4253 134 45 qu'ils
3798 4249 194 42 nomment
3992 4249 194 42 là-haut
4186 4249 294 42 Massillons-

3453 4315 80 40 par
3550 4299 259 46 vénération
3828 4299 59 40 du
3905 4297 118 42 saint
4040 4296 106 41 lieu.

3935 4385 63 41 ni

3499 4473 47 11 —
3604 4451 102 39 Dis
3720 4451 123 44 donc
3888 4446 247 48 camarade,
4174 4446 138 49 reprit
4357 4444 117 41 saint

3450 4501 169 40 Pierre,
3641 4496 145 47 quand
3817 4493 33 42 il
3880 4495 65 38 vit
3972 4496 124 37 notre
4115 4493 174 40 homme
4308 4501 61 31 un
4389 4500 84 36 peu

3453 4547 168 49 reposé,
3650 4544 187 40 veux-tu
3874 4550 71 31 me
3974 4541 159 39 rendre
4162 4549 62 32 un
4250 4541 111 43 petit
4380 4548 88 31 ser<

3452 4595 126 40 vice?

3499 4661 46 10 —
3588 4638 263 47 Volontiers,
3889 4635 138 50 reprit
4064 4634 189 41 Thomas
4299 4632 183 50 Cligne.

3453 4688 175 45 bourde,
3670 4694 55 31 en
3760 4686 176 47 portant
3962 4683 435 48 respectueusement
4423 4689 60 32 sa:

3452 4736 121 39 main
3593 4734 36 38 à
3638 4742 50 30 sa
3706 4732 220 40 marmite.

3500 4801 47 10 —
3578 4779 124 41 Voici
3740 4779 40 40 le
3823 4776 194 42 moment
4053 4775 56 41 de
4144 4774 245 49 dépouiller
4431 4772 46 42 le

3454 4828 208 36 courrier,
3684 4827 45 37 et
3747 4825 109 39 dans
3869 4833 87 30 une
3970 4824 151 40 heure,
4136 4831 110 33 pour
4264 4824 43 37 le
4327 4823 140 41 quart

3455 4883 167 32 comme
3659 4881 108 32 vous
3798 4871 128 44 dites,
3954 4878 110 31 vous
4084 4872 148 36 autres
4260 4862 216 52 cabotins,

3456 4922 32 40 il
3507 4922 155 40 faudra
3681 4926 84 41 que
3788 4918 46 49 je
3853 4918 203 48 présente
4088 4924 57 31 au
4168 4915 108 40 Père
4295 4914 185 47 Eterne*

261 5118 346 42 FEUILLETON
638 5118 78 40 DU
744 5118 55 40 1"
821 5116 244 46 JANVIER
1098 5117 92 41 1888

205 5244 6 7 •
288 5222 72 45 (il)
806 5189 150 56 7

208 5364 293 233 LES
501 5364 735 233 CARILLONS

206 5616 38 40 :.
686 5626 305 30 PAR,'
1030 5621 10 6 ■

205 5616 87 57 !
292 5616 87 57 -
379 5616 131 57 -
603 5646 17 4 -
686 5626 81 30 PAR
981 5633 10 28 ;

358 5720 293 52 Charles
701 5717 364 53 DICKENS

248 5957 131 42 Toby
399 5965 55 31 ne
474 5956 180 43 pouvait
677 5955 183 44 plonger
879 5953 26 38 à
925 5953 171 39 travers
1134 5952 103 38 l'ou-

213 6008 179 36 verture
427 6003 57 39 du
522 6002 224 42 plancher,
782 6008 76 31 car
901 6000 34 37 il
952 6000 122 37 avait
1102 5998 138 46 perdu

216 6053 122 38 toute
358 6049 163 40 faculté
554 6049 53 38 de
641 6057 48 30 se
715 6045 160 47 mouvoir
875 6045 61 47 ;
975 6043 262 45 autrement,

214 6097 33 37 il
279 6097 172 38 J'aurait
489 6096 94 39 fait,
622 6095 87 40 oui,
749 6094 30 37 il
808 6102 46 28 se
878 6092 143 38 serait
1056 6091 96 44 jeté
1185 6098 56 29 en

213 6145 200 37 aveugle,
455 6143 43 37 la
535 6140 92 39 tête
661 6141 43 36 la
724 6138 240 45 première,
977 6138 57 36 du
1056 6133 107 40 haut
1183 6136 57 39 du

213 6185 192 45 Clocher,
427 6185 139 47 plutôt
586 6195 85 35 que
691 6185 54 39 de
765 6188 142 37 rester
925 6184 114 38 ainsi
1060 6191 102 30 sous
1199 6181 42 38 la

215 6235 293 37 surveillance
523 6235 54 36 de
595 6242 73 28 ces
687 6240 117 36 yeux
826 6231 322 38 constamment
1168 6236 74 29 ou-

216 6283 137 42 verts,
371 6289 58 30 au
442 6280 156 47 regard
619 6279 87 37 fixe
725 6282 45 34 et
785 6277 244 47 pénétrant,
1052 6274 190 47 quoique

217 6337 103 30 sans
341 6328 235 50 prunelles.

267 6374 61 38 De
349 6374 97 40 plus
467 6381 53 29 en
542 6373 111 39 plus,
677 6371 42 39 la
739 6370 169 42 crainte
930 6367 44 41 et
999 6368 49 41 la
1071 6370 174 35 terreur

218 6429 85 31 ql¡e
345 6420 60 38 lui
443 6421 203 37 inspirait
682 6419 54 36 la
757 6416 187 38 solitude
973 6413 70 46 de
1066 6420 50 31 ce
1139 6413 103 44 lieu,

214 6461 139 46 jointe
375 6467 25 36 à
421 6466 42 38 la
484 6466 95 37 nuit
600 6462 233 45 efft-oyable
833 6462 98 45 qui
946 6458 233 49 y-régnait,
1203 6458 42 38 le

219 6512 279 39 pénétraient
518 6509 301 38 d'épouvante,
861 6514 166 31 comme
1058 6512 67 32 s'il
1144 6513 101 29 sen-

223 6558 165 40 tait-siy
388 6558 93 40 lui
502 6558 42 36 la
564 6557 118 36 main
703 6554 101 43 d'un
804 6554 203 43 spectre.
1031 6552 85 38 Son
1137 6550 108 38 éloi-

220 6598 212 47 gnemént
447 6604 59 37 de
520 6605 97 36 tout
636 6609 144 36 secours
780 6609 55 36 ;
872 6608 49 30 ce
942 6599 167 39 sentier
1129 6597 115 48 long,

219 6652 173 46 obscur,
415 6652 205 37 tournant
640 6657 75 30 sur
753 6643 238 43 lui-même,
1012 6643 158 48 peuplé
1191 6646 54 35 de

1291 5100 232 47 fantômes,
1563 5102 74 48 qui
1674 5104 231 40 s'étendait
1941 5104 126 40 entre
2098 5103 62 40 lui
2197 5104 45 39 et
2270 5103 42 38 la

1292 5149 117 38 terre
1429 5149 55 38 où
1504 5150 243 40 habitaient
1768 5151 64 39 les
1857 5152 148 38 autres
2023 5151 156 46 hommes
2179 5151 68 46 ;
2269 5149 44 38 la

1294 5196 162 46 pensée
1480 5196 53 39 de
1552 5205 50 31 se
1619 5198 145 37 savoir
1783 5198 37 37 si
1841 5197 120 45 haut,
1978 5197 38 39 si
2035 5197 122 45 haut,
2179 5198 27 36 à
2225 5203 87 31 une

1293 5242 38 38 si
1351 5242 277 42 prodigieuse
1649 5244 221 40 élévation
1893 5244 104 45 qu'il
2035 5252 57 31 en
2117 5243 121 39 avait
2271 5241 41 39 le

1293 5290 186 46 vertige,
1499 5289 144 40 même
1675 5300 55 31 en
1750 5291 120 45 plein
1886 5292 113 44 jour,
2021 5290 97 38 rien
2138 5298 85 38 que
2243 5288 69 47 d'y

1294 5335 208 46 regarder
1520 5337 129 38 voler
1662 5336 65 40 les
1740 5337 149 44 oiseaux
1889 5337 57 44 ;
1979 5336 335 39 son'isolement

1295 5381 55 39 de
1368 5383 100 39 tous
1488 5382 63 40 les
1572 5382 156 41 braves
1742 5391 108 38 gens
1870 5383 88 47 qui,
1976 5381 103 41 bien
2090 5391 55 30 en
2165 5379 148 42 sûreté

1295 5429 106 37 chez
1427 5438 87 29 eux
1538 5430 27 37 à
1584 5431 117 36 cette
1738 5431 150 43 heure,
1917 5429 246 38 dormaient
2198 5432 116 34 tran-

1295 5474 259 47 quillement
1572 5475 108 40 dans
1701 5476 118 39 leurs
1835 5476 84 45 lits,
1939 5476 97 38 tout
2055 5475 96 39 cela
2167 5475 39 37 le
2228 5473 86 40 sai-

1294 5523 163 44 sissait,
1484 5531 84 30 non
1586 5527 170 34 comme
1774 5530 88 32 une
1899 5522 157 47 simple
2087 5520 225 45 réflexion,

1294 5568 112 37 mais
1452 5578 166 28 comme
1678 5578 87 28 une
1820 5569 224 37 sensation
2099 5568 216 44 physique

1297 5614 52 39 de
1393 5614 110 40 froid
1541 5614 74 46 qui
1653 5613 61 41 lui
1746 5614 163 46 glaçait
1946 5614 40 39 le
2031 5622 122 31 cœur
2190 5613 46 38 et
2274 5611 41 39 le

1294 5663 293 45 transperçait
1606 5660 167 41 d'outre
1788 5669 55 31 en
1862 5660 141 39 outre.
2041 5659 270 48 Cependant,

1295 5716 71 30 ses
1385 5717 127 35 yeux,
1536 5717 49 29 sa
1622 5711 173 41 pensée,
1834 5716 71 30 ses
1925 5707 205 43 craintes,
2152 5707 94 37 tout
2266 5714 48 29 se

1294 5754 125 39 fixait
1439 5762 75 30 sur
1540 5754 64 38 les
1630 5754 162 44 figures
1818 5754 237 38 attentives
2089 5760 85 36 que
2196 5751 119 39 l'obs-

1296 5801 141 38 curité
1458 5800 207 46 profonde
1684 5802 47 36 et
1745 5800 174 38 l'ombre
1936 5799 183 46 épaisse,
2143 5806 56 30 au
2219 5797 97 38 sein

1297 5847 52 38 de
1370 5847 189 44 laquelle
1597 5847 109 38 elles
1745 5845 167 38 étaient
1944 5854 166 29 comme
2132 5853 182 30 enseve-

1298 5894 93 45 lies,
1414 5893 114 39 ainsi
1539 5902 83 37 que
1638 5893 118 39 leurs
1770 5891 179 48 regards
1965 5892 216 46 étranges,
2196 5890 119 38 leurs

1297 5941 161 38 formes
1477 5940 193 44 bizarres
1702 5941 45 35 et
1785 5940 42 36 la
1865 5939 127 46 façon
2018 5938 296 38 surnaturelle

1297 5988 104 38 dont
1440 5987 109 37 elles
1587 5985 304 39 demeuraient
1922 5984 287 45 suspendues
2209 5984 105 45 au-

1298 6033 153 39 dessus
1471 6032 56 39 du
1547 6032 221 44 plancher,
1810 6031 230 39 rendaient
2070 6030 102 39 bien
2193 6028 121 39 diffé-

1298 6083 147 35 rentes
1473 6081 53 36 de
1549 6081 141 36 toutes
1712 6079 64 37 les
1798 6078 161 45 figures
1979 6077 53 38 de
2071 6085 50 29 ce
2142 6075 169 43 monde,

1297 6126 207 42 quoiqu'il
1525 6125 63 38 les
1609 6126 182 39 aperçut
1828 6122 119 40 aussi
1986 6123 330 37 distinctement

1299 6170 84 45 que
1405 6173 41 37 la
1473 6171 188 39 massive
1700 6172 239 41 charpente
1977 6169 52 38 de
2062 6168 152 44 chêne,
2251 6167 64 38 les

1298 6220 178 41 poutres
1508 6217 315 39 enchevêtrées
1860 6217 66 37 les
1961 6223 111 30 unes
2111 6215 109 38 dans
2254 6214 63 37 les

1300 6268 161 41 autres,
1504 6265 64 38 les
1606 6263 150 38 barres
1788 6263 53 38 de
1872 6263 65 37 fer
1968 6264 45 35 et
2057 6261 65 37 les
2154 6259 162 39 solives

1301 6313 200 38 énormes
1534 6309 266 39 assemblées
1838 6317 109 36 pour
1983 6309 231 42 supporter
2252 6308 64 35 les

1299 6358 189 38 cloches.
1526 6357 111 38 Tout
1657 6359 71 36 cet
1748 6355 222 39 ensemble
1990 6354 54 38 de
2084 6353 146 46 pièces
2252 6352 64 37 les

1301 6405 226 38 encadrait
1557 6411 167 30 comme
1744 6403 105 37 dans
1881 6410 87 29 une
1986 6401 124 36 vaste
2132 6399 112 37 forêt
2264 6398 53 37 de

1301 6451 249 40 charpente,
1573 6450 109 38 dans
1702 6457 85 29 une
1819 6448 157 43 espèce
1996 6446 53 38 de
2068 6443 249 48 labyrinthe

1302 6498 298 40 inextricable,
1623 6496 58 36 du
1712 6495 101 37 fond
1834 6493 203 44 desquels
2058 6492 64 37 les
2142 6490 176 38 cloches

1301 6544 300 38 continuaient
1631 6543 28 36 à
1690 6541 107 38 faire
1836 6541 42 38 le
1912 6540 116 44 guet,
2057 6537 189 40 sombres
2246 6537 72 40 et

1301 6591 248 41 vigilantes,
1589 6596 166 31 comme
1793 6595 55 30 au
1883 6587 171 38 travers
2081 6587 99 36 d'en
2223 6583 94 40 bois

1301 6638 106 39 dont
1435 6637 65 39 les
1530 6635 149 40 arbres
1699 6634 202 39 auraient
1940 6632 71 40 été
2051 6630 175 50 frappés
2263 6631 55 39 de

2365 5096 130 31 mort,
2522 5088 162 39 exprès
2704 5094 109 33 pour
2838 5084 142 43 servir
2993 5081 56 42 de
3074 5078 183 49 retraite
3278 5077 27 41 à
3324 5084 76 34 ces

2365 5144 198 41 bizarres
2580 5134 725 47 tantômes.

2418 5191 93 30 Une
2537 5181 179 37 bouffée
2736 5180 122 38 d'air,
2879 5177 113 40 mais
3018 5175 101 40 d'un
3139 5173 67 39 air
3225 5170 113 41 froid
3356 5169 46 40 et

2366 5234 250 34 saisissant,
2651 5235 133 33 passa
2821 5233 57 32 en
2907 5221 246 47 gémissant
3182 5219 27 39 à
3227 5219 175 39 travers

2369 5285 42 29 la
2437 5286 113 28 tour.
2573 5275 160 39 Quand
2765 5282 52 29 ce
2836 5270 155 41 souffle
3012 5268 166 46 expira,
3202 5266 42 37 le
3272 5266 130 37 bour-

2366 5331 89 38 don
2488 5337 56 31 ou
2576 5320 172 50 l'esprit
2767 5320 58 38 du
2864 5315 197 42 bourdon
3080 5323 49 30 se
3149 5312 79 40 mit
3253 5312 26 38 à
3299 5319 103 39 par-

2370 5377 120 40 ler:
2490 5377 49 40 -

2388 5385 48 71 «
2452 5421 219 36 Qu'est-ce
2691 5422 88 35 que
2792 5421 51 31 ce
2852 5408 213 42 visiteur?
3085 5405 42 52 »
3127 5405 171 52 dit-il.

2417 5469 62 34 La
2497 5466 103 37 voix
2619 5463 112 40 était
2751 5466 135 37 grave
2908 5457 46 39 et
2973 5462 167 36 creuse,
3182 5457 46 34 et
3247 5456 156 40 Trotty

2370 5514 230 38 s'imagina
2614 5508 160 41 qu'elle
2791 5502 225 41 résonnait
3031 5510 55 30 en
3098 5501 146 37 même
3257 5501 145 42 temps

2368 5563 110 37 chez
2502 5562 63 35 les
2585 5563 151 32 autres
2757 5551 235 39 fantômes.

2421 5621 17 21 «
2459 5605 82 38 J'ai
2571 5612 77 31 cru
2676 5597 215 43 entendre
2912 5602 100 31 mon
3045 5600 102 32 nom
3179 5585 222 54 prononcé

2371 5662 76 23 par
2467 5653 65 32 les
2558 5648 190 37 cloches,
2769 5641 205 44 répondit
2992 5641 154 44 Trotty
3168 5641 151 35 levant
3335 5641 65 31 les

2371 5700 142 36 mains
2534 5697 110 39 dans
2665 5702 87 29 une
2771 5687 192 41 attitude
2983 5683 269 53 suppliante.
3276 5683 52 36 Je
3344 5690 56 29 ne

2371 5746 90 26 sais
2474 5748 98 24 trop
2592 5737 211 35 pourquoi
2820 5737 46 35 je
2897 5735 92 37 suis
3014 5735 59 36 ici
3093 5740 55 29 ou
3182 5735 220 33 comment

2366 5794 24 32 i
2390 5794 38 32 y
2448 5791 91 35 suis
2559 5796 131 30 venu.
2714 5783 127 39 Voilà
2861 5788 59 32 un
2933 5779 138 47 grand
3086 5779 179 36 nombre
3287 5779 114 33 d'an-

2371 5839 109 39 nées
2500 5845 84 34 que
2600 5833 190 44 j'écoute
2811 5830 66 37 les
2896 5824 148 46 cloches
3044 5824 56 46 ;
3123 5824 110 38 elles
3266 5824 133 35 m'ont

2369 5886 189 40 souvent
2584 5877 142 51 réjoui
2748 5877 41 39 le
2810 5881 140 33 cœur.

2418 5949 55 10 -
2493 5929 55 36 Et
2567 5928 66 37 les
2666 5926 120 36 as-t.u
2807 5918 292 43 remerciées?
3120 5916 64 38 dit
3216 5916 44 37 la
3279 5913 114 41 voix.

2417 5999 47 7 —
2483 5975 124 38 Mille
2628 5973 45 38 et
2693 5970 122 39 mille
2836 5967 99 39 fois!
2960 5964 154 39 s'écria
3133 5964 169 44 Trotty.

2416 6045 49 7 —
2486 6016 258 45 Comment?

2416 6091 49 7 —
2483 6068 53 38 Je
2556 6075 55 29 ne
2632 6066 92 37 suis
2751 6062 132 44 qu'un
2903 6066 163 40 pauvre
3094 6053 177 49 homme,
3271 6053 127 49 bal-

2371 6119 123 37 butia
2513 6113 121 45 Trotty
2634 6113 53 45 ;
2706 6110 48 46 je
2775 6117 55 30 ne
2851 6104 183 50 pouvais
3057 6104 63 38 les
3159 6104 240 37 remercier

2371 6166 129 46 qu'en
2522 6159 187 49 paroles.

2418 6230 47 8 —
2503 6208 55 35 Et
2603 6206 149 37 l'as-tu
2789 6201 197 42 toujours
3024 6197 107 38 fait?
3181 6195 217 38 demanda

2372 6255 168 39 l'esprit
2560 6252 53 38 de
2635 6251 43 37 la
2697 6245 164 42 cloche.
2861 6245 82 42 Ne
2965 6252 108 30 nous
3096 6242 113 38 as-tu
3235 6241 161 47 jamais

2372 6300 215 42 insultées
2614 6306 56 30 en
2693 6292 162 51 paroles
2855 6292 41 51 ?

2417 6368 47 8 —
2484 6346 113 38 Non!
2621 6339 164 46 s'écria
2785 6339 165 46 Trotty
2969 6336 236 39 vivement.

2417 6415 49 8 —
2482 6393 66 36 Ne
2579 6400 110 29 nous
2709 6389 119 36 as-tu
2845 6384 159 45 jamais
3026 6379 271 41 maltraitées
3318 6388 79 38 par

2374 6442 75 38 des
2469 6438 174 42 paroles
2669 6431 327 46 mensongères,
3018 6429 173 47 injustes
3191 6429 78 47 et
3306 6427 90 37 mé-

2374 6486 210 41 chantes?
2620 6478 247 53 poursuivit
2885 6478 181 44 l'esprit.

2420 6534 152 43 Trotty
2609 6528 128 40 allait
2773 6526 236 42 répondre:
3054 6533 17 23 »
3093 6520 166 40 Jamais!
3259 6520 63 40 »
3361 6519 36 38 Il

2373 6577 182 44 s'arrêta
2575 6576 166 40 confus.

2421 6641 18 21 «
2462 6627 60 37 La
2541 6624 100 40 voix
2661 6624 56 38 du
2736 6622 154 46 temps,
2916 6619 62 41 dit
3000 6619 42 41 le
3066 6613 212 49 fantôme,
3306 6613 92 40 crie

3457 5075 27 36 à
3520 5073 201 43 !'h(/mme
3741 5081 12 29 :
3791 5071 140 39 Avance
3931 5071 61 39 !
4028 5068 61 41 Le
4124 5068 144 44 temps
4306 5067 64 40 lui
4407 5066 72 41 est

3447 5121 160 39 donné
3616 5127 112 34 pour
3747 5126 79 31 son
3845 5117 180 43 progrès
4062 5116 46 38 et
4144 5124 80 30 son
4241 5115 234 38 améliora-

3457 5168 104 39 tion,
3585 5175 109 33 pour
3713 5165 172 41 ajouter
3904 5164 28 37 à
3949 5172 50 29 sa
4018 5161 179 42 dignité,
4221 5161 27 38 à
4267 5170 78 29 son
4370 5160 119 39 bon-

3458 5214 124 42 heur,
3604 5213 26 38 à
3649 5219 79 32 son
3747 5207 240 49 bien-être;
4025 5216 111 40 pour
4171 5207 104 49 qu'il
4296 5206 180 40 marche

3446 5270 68 29 en
3528 5261 135 37 avant
3683 5266 99 31 vers
3802 5258 43 37 le
3864 5256 77 38 but
3959 5256 126 43 placé
4105 5255 27 37 à
4169 5255 44 37 la
4249 5255 151 43 portée
4421 5255 57 35 de

3458 5315 79 28 son
3560 5305 298 40 intelligence,
3879 5302 77 40 but
3976 5301 86 42 fixé
4082 5301 27 38 à
4128 5309 72 30 ses
4222 5300 150 39 efforts
4398 5298 82 39 dès

3459 5354 195 34 l'instant
3672 5352 56 36 où
3750 5350 41 38 le
3809 5350 144 42 temps
3978 5350 47 36 et
4045 5347 59 39 lui
4119 5348 76 38 ont
4208 5344 269 42 commencé.

3459 5400 89 38 Des
3568 5399 159 37 siècles
3746 5397 55 38 de
3837 5395 217 44 ténèbres,
4077 5393 248 46 d'injustice
4345 5393 47 37 et
4422 5391 57 38 de

3458 5446 200 39 violence
3695 5453 48 31 se
3781 5442 99 40 sont
3918 5439 208 47 succédé;
4167 5439 77 39 des
4282 5438 199 40 millions

3459 5494 238 37 d'hommes
3734 5491 76 36 ont
3852 5488 195 43 souffert,
4086 5486 76 38 ont
4198 5485 126 44 vécu,
4379 5485 98 37 sont

3458 5540 137 34 morts
3617 5545 106 29 pour
3743 5536 146 38 frayer
3916 5534 43 37 la
3972 5533 98 38 voie
4090 5532 162 38 devant
4273 5532 76 37 lui.
4371 5530 110 44 Qui-

3460 5592 165 30 conque
3648 5581 189 40 cherche
3859 5581 27 37 à
3905 5580 42 38 le
3966 5585 206 33 ramener
4203 5586 56 30 en
4292 5572 205 46 arrière,

3457 5639 58 30 ou
3536 5632 26 36 à
3582 5630 195 37 l'arrêter
3797 5628 108 37 dans
3925 5635 51 29 sa
3994 5632 167 37 course,
4184 5624 105 39 veut
4307 5621 188 39 arrêter

3459 5679 41 38 le
3539 5675 279 40 mouvement
3856 5673 126 38 d'une
4014 5670 203 40 machine
4249 5670 229 47 puissante

3457 5724 75 39 qui
3553 5724 202 35 frappera
3775 5721 53 38 de
3849 5720 113 38 mort
3977 5718 41 40 le
4037 5716 238 40 téméraire
4302 5717 44 37 et
4378 5716 100 37 n'en

3457 5779 101 31 sera
3576 5778 83 33 que
3681 5768 101 43 plus
3798 5766 194 38 furieuse
4030 5766 44 36 et
4100 5763 97 48 plus
4235 5762 242 46 indompta-

3457 5819 85 42 ble,
3559 5813 108 47 pour
3689 5813 120 39 avoir
3830 5821 55 30 eu
3897 5812 26 38 à
3943 5811 119 40 subir
4083 5819 50 30 ce
4152 5809 143 45 temps
4316 5809 162 38 d'arrêt

3457 5860 250 43 momentané
3707 5860 51 43 !

3502 5930 46 8 —
3572 5909 53 37 Je
3647 5908 84 37 n'ai
3748 5906 161 44 jamais
3928 5905 96 39 rien
4038 5904 78 38 fait
4136 5904 52 38 de
4203 5901 152 47 pareil,
4391 5909 86 37 que

3453 5959 46 39 je
3519 5955 147 43 sache,
3700 5954 235 44 monsieur,
3958 5952 64 38 dit
4043 5950 165 46 Trotty.
4250 5950 43 37 Si
4328 5950 49 44 je
4405 5948 72 38 l'ai

3456 6004 93 40 fait,
3568 6011 81 32 ça
3687 6000 69 38 été
3795 6008 62 31 un
3885 6006 81 38 pur
3995 5997 128 46 hasard
4123 5997 56 46 ;
4200 5997 46 45 je
4284 6003 70 31 me
4375 6002 100 40 gar-

3457 6049 145 40 derais
3622 6048 102 37 bien
3745 6046 52 38 de
3817 6045 47 44 le
3864 6045 128 44 faire,
4012 6046 27 35 à
4059 6052 109 37 coup
4190 6043 93 37 sûr!

3501 6117 47 7 —
3569 6094 123 39 Celui
3704 6093 73 42 qui
3797 6096 92 35 met
3903 6091 105 38 dans
4020 6091 42 37 la
4076 6089 166 39 bouche
4265 6089 70 42 du
4335 6089 141 42 temps

3455 6153 55 28 ou
3531 6143 53 37 de
3605 6149 71 30 ses
3698 6139 233 43 ministres,
3954 6137 63 38 dit
4038 6136 166 45 l'esprit
4236 6135 53 38 de
4327 6134 43 38 la
4390 6135 83 38 cio-

3457 6190 96 38 che,
3589 6196 59 30 un
3680 6186 62 39 cri
3762 6185 54 38 de
3839 6184 286 38 lamentation
4158 6190 73 29 sur
4263 6181 77 37 des
4353 6182 122 43 jours

3456 6237 74 37 qui
3551 6240 75 33 ont
3647 6242 52 28 eu
3722 6233 118 36 leurs
3861 6230 212 43 épreuves
4112 6229 45 37 et
4187 6227 118 38 leurs
4326 6227 146 37 fautes

3453 6281 48 40 et
3522 6290 56 28 en
3604 6285 75 33 ont
3700 6277 131 40 laissé
3852 6276 76 39 des
3948 6278 145 36 traces
4120 6273 181 39 visibles
4332 6272 143 39 même

3452 6337 91 28 aux
3563 6327 140 32 moins
3723 6324 317 40 clairvoyants;
4070 6329 60 30 un
4148 6320 63 39 cri
4232 6320 53 38 de
4310 6320 164 38 lamen-

3452 6380 144 34 tation
3617 6373 71 41 qui
3688 6373 72 41 ne
3777 6372 103 42 peut
3893 6363 146 45 servir
4058 6367 99 47 qu'à
4186 6367 145 37 mieux
4351 6375 123 29 mon-

3452 6432 92 28 trer
3562 6426 90 34 atn
3672 6419 196 37 hommes
3906 6414 199 40 combien
4141 6414 40 38 le
4201 6415 143 44 temps
4375 6413 97 47 pré-

3454 6473 99 32 sent
3573 6480 25 25 a
3618 6464 154 41 besoin
3792 6463 55 38 de
3867 6462 96 37 leur
3984 6461 255 44 assistance,
4271 6459 203 46 puisqu'il

3454 6527 46 26 se
3521 6523 158 30 trouve
3698 6517 159 32 encore
3881 6508 77 39 des
3978 6515 236 38 personnes
4247 6504 227 48 disposées

3453 6566 25 35 à
3514 6564 179 37 écouter
3729 6556 68 44 .les
3833 6559 169 42 regrets
4035 6552 235 49 qu'inspire
4312 6560 58 31 un
4408 6551 64 38 tel

3454 6611 149 49 passé;
3633 6606 115 42 celui
3774 6602 80 50 qui
3890 6601 83 43 fait
4010 6601 100 40 cela
4145 6609 28 31 a
4208 6599 109 40 tort!
4351 6599 46 40 et
4422 6606 52 34 ce
